% ************
% * Journals *
% ************
%
@STRING{aciee = "Angew.~Chem.~Int.~Ed.~Engl."}
@STRING{acp = "Adv.~Chem.~Phys."}
@STRING{acr = "Acc.~Chem.~Res."}
@STRING{acs = "Acta~Chem.~Scand."}
@STRING{acsa = "Acta~Chem.~Scand.~{\bf A}"}
@STRING{aiqc = "Advances in Quantum Chemistry"}
@STRING{ajp = "Am.~J.~Phys."}
@STRING{amr = "Adv.~Magn.~Reson."}
@STRING{appa = "Acta~Phys.~Pol.~{\bf A}"}
@STRING{aqc = "Adv.~Quantum Chem."}
@STRING{arcp = "Ann.~Rev.~Chem.~Phys."}
@STRING{arnmrs = "Ann.~Rep.~{NMR} Spectrosc."}
@STRING{as = "Appl.~Spectrosc."}
@STRING{asjc = "Aust.~J.~Chem."}
@STRING{aujc = "Austr.~J.~Chem."}
@STRING{bbpc = "Ber.~Bunsenges.~Phys.~Chem."}
@STRING{bcsj = "Bull.~Chem.~Soc.~Jpn."}
@STRING{bsp = "Biomolecular Spectroscopy, Part {\bf B}"}
@STRING{ca = "Carbon"}
@STRING{cb = "Chem.~Ber."}
@STRING{cbr = "Chem.~in Britain"}
@STRING{cc = "Chem.~Comm."}
@STRING{cccc = "Coll.~Czech.~Chem.~Commun."}
@STRING{cdan = "Chem.~Design Automat.~News"}
@STRING{cej = "Chem.~Eur.~J."}
@STRING{chi = "Chimia"}
@STRING{chrom = "Chromatographia"}
@STRING{cjc = "Can.~J.~Chem."}
@STRING{cmr = "Conc.~Magn.~Reson."}
@STRING{cp = "Chem.~Phys."}
@STRING{cpc = "Comp.~Phys.~Commun."}
@STRING{cpl = "Chem.~Phys.~Lett."}
@STRING{cr = "Chem.~Rev."}
@STRING{cras = "C.~R.~Acad.~Sci."}
@STRING{csj = "Chem.~Soc.~Jpn."}
@STRING{csr = "Chem.~Soc.~Rev"}
@STRING{eic = "Education in Chemistry"}
@STRING{epjd = "Eur.~Phys.~J.~{\bf D}"}
@STRING{fd = "Faraday Discuss."}
@STRING{gci = "Gazzetta~Chim.~Ital."}
@STRING{hca = "Helv.~Chim.~Acta"}
@STRING{ic = "Inorg.~Chem."}
@STRING{ica = "Inorg.~Chim.~Acta"}
@STRING{ihf = "Ind.~Hyg.~Forum"}
@STRING{ijc = "Isr.~J.~Chem."}
@STRING{ijmpb = "Int.~J.~Modern Phys.~{\bf B}"}
@STRING{ijqc = "Int.~J.~Quantum Chem."}
@STRING{ijqcqcs = "Int.~J.~Quantum Chem.:Quantum Chem.~Symp."}
@STRING{ijtp = "Int.~J.~Theor.~Phys."}
@STRING{incb = "Il Nuove Cimento~{\bf B}"}
@STRING{incd = "Il Nuove Cimento~{\bf D}"}
@STRING{ipbs = "Isotopes in Physical and Biomedical Science"}
@STRING{jacs = "J.~Am.~Chem.~Soc."}
@STRING{jcc = "J.~Comput.~Chem."}
@STRING{jccs = "J.~Chinese Chem.~Soc."}
@STRING{jce = "J.~Chem.~Educ."}
@STRING{jcics = "J.~Chem.~Inf.~Comput.~Sci."}
@STRING{jcp = "J.~Chem.~Phys."}
@STRING{jcscc = "J.~Chem.~Soc., Chem.~Commun."}
@STRING{jcsdt = "J.~Chem.~Soc., Dalton Trans."}
@STRING{jcsft = "J.~Chem.~Soc.\ Faraday Trans."}
@STRING{jcspt2 = "J.~Chem.~Soc., Perkin Trans.\ 2"}
@STRING{jctc = "J.~Chem.~Theory~Comput."}
@STRING{jdcp = "Journal de chimie physique"}
@STRING{jes = "J.~Electron Spectrosc."}
@STRING{jmc = "J.~Math.~Chem."}
@STRING{jml = "J.~Mol.~Liq."}
@STRING{jmo = "J.~Modern Opt."}
@STRING{jmp = "J.~Math.~Phys."}
@STRING{jmr = "J.~Magn.~Reson."}
@STRING{jmra = "J.~Magn.~Reson.~{\bf A}"}
@STRING{jms = "J.~Mol.~Struct."}
@STRING{jmsp = "J.~Mol.~Spectrosc."}
@STRING{jmstheo = "J.~Mol.~Struct.~(THEOCHEM)"}
@STRING{joc = "J.~Organomet.~Chem."}
@STRING{josab = "J.~Opt.~Soc.~Am.~{\bf B}"}
@STRING{jpamg = "J.~Phys.\ A: Math.~Gen."}
@STRING{jpbamp = "J.~Phys.\ B: At.~Mol.~Phys."}
@STRING{jpbamop = "J.~Phys.\ B: At.~Mol.~Opt.~Phys."}
@STRING{jpc = "J.~Phys.~Chem."}
@STRING{jpca = "J.~Phys.~Chem.~{\bf A}"}
@STRING{jpcb = "J.~Phys.~Chem.~{\bf B}"}
@STRING{jpcrd = "J.~Phys.~Chem.~Ref.~Data"}
@STRING{jpdap = "J.~Phys.~{\bf D}:Appl.~Phys."}
@STRING{jpoc = "J.~Phys.~Org.~Chem."}
@STRING{jpsj = "J.~Phys.~Soc.~Japan"}
@STRING{jrs = "J.~Raman Spectrosc."}
@STRING{mclc = "Mol.~Cryst.~Liq.~Cryst."}
@STRING{mp = "Mol.~Phys."}
@STRING{mpla = "Mod.~Phys.~Lett.\ {\bf A}"}
@STRING{mric = "Magn.~Reson.~Chem."}
@STRING{ms = "Molecular Simulations"}
@STRING{na = "Nature"}
@STRING{nl = "Neurosci.~Lett."}
@STRING{np = "Nucl.~Phys."}
@STRING{oc = "Opt.~Commun."}
@STRING{ol = "Opt.~Lett."}
@STRING{omr = "Org.~Magn.~Reson."}
@STRING{oms = "Org.~Mass Spectrom."}
@STRING{os = "Opt.~Spectrosc."}
@STRING{pac = "Pure and Appl.~Chem."}
@STRING{pccp = "Phys.~Chem.~Chem.~Phys."}
@STRING{phy = "Physica"}
@STRING{pm = "Phil.~Mag."}
@STRING{pnas = "Proc.~Natl.~Acad.~Sci"}
@STRING{pnmrs = "Prog.~{NMR} Spectrosc."}
@STRING{po = "Polyhedron"}
@STRING{ppsb = "Proc.~Phys.~Soc.~{\bf B}"}
@STRING{pr = "Phys.~Rev."}
@STRING{pra = "Phys.~Rev. {\bf A}"}
@STRING{prb = "Phys.~Rev. {\bf B}"}
@STRING{pre = "Phys.~Rev. {\bf E}"}
@STRING{prl = "Phys.~Rev.~Lett."}
@STRING{prsa = "Proc.~Roy.~Soc.~{\bf A}"}
@STRING{rmp = "Rev.~Mod.~Phys."}
@STRING{rtcpb = "Recl.~Trav.~Chim.~Pays-Bas"}
@STRING{sa = "Spectrochim.\ Acta"}
@STRING{sc = "Science"}
@STRING{sm = "Synth.Met."}
@STRING{spec = "Spectroscopy"}
@STRING{sprnmr = "Spec.~Per.~Reps.~Nuc.~Magn.~Resonan."}
@STRING{ssnmr = "Solid State Nuc.~Magn.~Reson."}
@STRING{saa = "Spectrochim.~Acta~{\bf A}"}
@STRING{tca = "Theor.~Chim.~Acta"}
@STRING{tcan = "Theor.~Chem.~Acc."}
@STRING{tetl = "Tetrahedron Lett."}
@STRING{tfs = "Trans.~Faraday Soc."}
@STRING{tis = "Topics in Stereochem."}
@STRING{tsf = "Thin Solid Films"}
@STRING{wa = "Wied.~Ann."}
@STRING{zna = "Z.~Naturforsch.\ {\bf A}"}
@STRING{znb = "Z.~Naturforsch.\ {\bf B}"}
@STRING{zpc = "Z.~Phys.~Chem."}


@article{dalton,
	author={K.~Aidas and C.~Angeli and K.~L.~Bak and V.~Bakken and R.~Bast and
	L.~Boman and O.~Christiansen and R.~Cimiraglia and S.~Coriani and 
	P.~Dahle and E.~K.~Dalskov and U.~Ekstr\"{o}m and T.~Enevoldsen and 
	J.~J.~Eriksen and P.~Ettenhuber and B.~Fern\'{a}ndez and 
	L.~Ferrighi and H.~Fliegl and L.~Frediani and K.~Hald and 
	A.~Halkier and C.~H\"{a}ttig and H.~Heiberg and 
	T.~Helgaker and A.~C.~Hennum and H.~Hettema and 
	E.~Hjerten\ae{}s and S.~H\o{}st and I.-M.~H\o{}yvik and 
	M.~F.~Iozzi and B.~Jansik and H.~J.~Aa.~Jensen and 
	D.~Jonsson and P.~J\o{}rgensen and J.~Kauczor and 
	S.~Kirpekar and T.~Kj\ae{}rgaard and W.~Klopper and 
	S.~Knecht and R.~Kobayashi and H.~Koch and J.~Kongsted and 
	A.~Krapp and K.~Kristensen and A.~Ligabue and 
	O.~B.~Lutn\ae{}s and J.~I.~Melo and K.~V.~Mikkelsen and R.~H.~Myhre and 
	C.~Neiss and C.~B.~Nielsen and P.~Norman and 
	J.~Olsen and J.~M.~H.~Olsen and A.~Osted and 
	M.~J.~Packer and F.~Pawlowski and T.~B.~Pedersen and 
	P.~F.~Provasi and S.~Reine and Z.~Rinkevicius and 
	T.~A.~Ruden and K.~Ruud and V.~Rybkin and 
	P.~Salek and C.~C.~M.~Samson and A.~S\'{a}nchez de Mer\'{a}s and 
	T.~Saue and S.~P.~A.~Sauer and B.~Schimmelpfennig and 
	K.~Sneskov and A.~H.~Steindal and K.~O.~Sylvester-Hvid and 
	P.~R.~Taylor and A.~M.~Teale and E.~I.~Tellgren and 
	D.~P.~Tew and A.~J.~Thorvaldsen and L.~Th\o{}gersen and 
	O.~Vahtras and M.~A.~Watson and D.~J.~D.~Wilson and 
	M.~Ziolkowski and H.~\AA{}gren},
	title={{The Dalton quantum chemistry program system}},
	journal={WIREs Comput.~Mol.~Sci.},
	year={2014},
	volume={4},
	pages={269--284},
	note={doi: 10.1002/wcms.1172}}

@note{daltonversion,
 title={{Dalton, a Molecular Electronic Structure Program, Release Dalton2017.alpha} (2017), see http://daltonprogram.org/},
}
%
% *****
% * A *
% *****
%
@MISC{moleculeref,
   AUTHOR  = {J.~Alml\"{o}f},
   NOTE    = {A vectorized {G}aussian integral program}}

@ARTICLE{rdacpl87,
   AUTHOR  = {R.~D.~Amos},
   TITLE   = {Electric and Magnetic Properties of {CO}, {HF}, and
              {HCl}, and {CH$_{3}$F}},
   JOURNAL = cpl,
   VOLUME  = 87,
   YEAR    = 1982,
   PAGES   = 23}

@Article{kapamborjcp96,
  author =   {K.~Andersson and P.-{\AA}.~Malmqvist and B.~O.~Roos},
  journal =      jcp,
  year =     {1992},
  volume =   {96},
  pages =    {1218}
}

@Article{carcsetljpmjcp114,
  author =   {C.~Angeli and R.~Cimiraglia and S.~Evangelisti and T.~Leininger and J.-P.~Malrieu},
  journal =      jcp,
  year =     {2001},
  volume =   {114},
  pages =    {10252}
}

@Article{carcjpmcpl350,
  author =   {C.~Angeli and R.~Cimiraglia and J.-P.~Malrieu},
  journal =      cpl,
  year =     {2001},
  volume =   {350},
  pages =    {297}
}

@Article{carcjpmjcp117,
  author =   {C.~Angeli and R.~Cimiraglia and J.-P.~Malrieu},
  journal =      jcp,
  year =     {2002},
  volume =   {117},
  pages =    {9138}
}

@ARTICLE{japrtjcp86,
        AUTHOR = {J.~Alml\"{o}f and P.~R.~Taylor},
        JOURNAL = jcp ,
        VOLUME = 86 ,
        YEAR = 1987 ,
        PAGES = 4070 }

@ARTICLE{rpamminpowbortca92,
  author =       {R.~Pou~-Amerigo and M.~Merchan and I.~Nebot-Gil and
                  P.~-O.~Widmark and B.~O.~Roos},
  journal =      tca ,
  year =         1995 ,
  volume =       92 ,
  pages =        149 }

%
% *****
% * B *
% *****
%
@ARTICLE{klbpjhjajjothjcp97,
   AUTHOR  = {K.~L.~Bak and P.~J{\o}rgensen and H.~J.~Aa.~Jensen and
              J.~Olsen and T.~Helgaker},
   TITLE   = {First-order nonadiabatic coupling matrix elements from
              multiconfigurational self-consistent-field response
              theory},
   JOURNAL = jcp,
   VOLUME  = 97,
   YEAR    = 1992,
   PAGES   = 7573}

@ARTICLE{klbpjthkrhjajjcp98,
   AUTHOR  = {K.~L.~Bak and P.~J{\o}rgensen and T.~Helgaker and
              K.~Ruud and H.~J.~Aa.~Jensen},
   TITLE   = {Gauge-origin independent multiconfigurational
              self-consistent-field theory for vibrational circular
              dichroism},
   JOURNAL = jcp,
   VOLUME  = 98,
   YEAR    = 1993,
   PAGES   = 8873}

@ARTICLE{klbpjthkrfd99,
   AUTHOR  = {K.~L.~Bak and P.~J\o rgensen and T.~Helgaker and
              K.~Ruud},
   TITLE   = {Basis Set Convergence and Correlation Effects in
              Vibrational Circular Dichroism Calculations using
              {L}ondon Atomic Orbitals},
   JOURNAL = fd,
   VOLUME  = 99,
   YEAR    = 1994,
   PAGES   = 121}

@ARTICLE{klbpjthkrhjajjcp100,
   AUTHOR  = {K.~L.~Bak and P.~J{\o}rgensen and T.~Helgaker and K.~Ruud
              and H.~J.~Aa.~Jensen},
   TITLE   = {Basis set convergence of atomic axial tensors obtained
              from self-consistent field calculations using {L}ondon
              atomic orbitals},
   JOURNAL = jcp,
   VOLUME  = 100,
   YEAR    = 1994,
   PAGES   = 6620}

@ARTICLE{klbaehkrthjopjtca90,
   AUTHOR  = {K.~L.~Bak and Aa.~E.~Hansen and K.~Ruud and T.~Helgaker
              and J.~Olsen and P.~J{\o}rgensen},
   TITLE   = {{\it Ab initio} calculation of electronic circular
              dichroism for trans-cyclooctene using {L}ondon atomic
              orbitals},
   JOURNAL = tca,
   VOLUME  = 90,
   YEAR    = 1995,
   PAGES   = 441}

@ARTICLE{Baker,
   AUTHOR  = {J.~Baker},
   TITLE   = {Techniques for geometry optimization: A comparison of
              {C}artesian and natural internal coordinates},
   JOURNAL = jcc,
   VOLUME  = 14,
   YEAR    = 1993,
   PAGES   = 1085}

@ARTICLE{vbthwkkrmp96,
   AUTHOR  = {V.~Bakken and T.~Helgaker and W.~Klopper and K.~Ruud},
   TITLE   = {The calculation of molecular geometrical properties in
              the {H}ellmann-{F}eynman approximation},
   JOURNAL = mp,
   VOLUME  = 96,
   YEAR    = 1999,
   PAGES   = 653}


@Article{vbthjcp117,
  author =   {V.~Bakken and T.~Helgaker},
  journal =      jcp,
  year =     {2002},
  volume =   {117},
  pages =    {9160}
}

@ARTICLE{abnajsrsjpc89,
   AUTHOR  = {A.~Banerjee and N.~Adams and J.~Simons and R.~Shephard},
   JOURNAL = jpc,
   VOLUME  = 89,
   YEAR    = 1985,
   PAGES   = 52}

@BOOK{barronbook,
   AUTHOR    = {L.~D.~Barron},
   TITLE     = {Molecular light scattering and optical activity},
   PUBLISHER = {Cambridge University Press},
   ADDRESS   = {Cambridge},
   YEAR      = 1982 }

@ARTICLE{cwbjcp72,
   AUTHOR  = {C.~W.~{\mbox Bauschlicher Jr.}},
   TITLE   = {The construction of modified virtual orbitals ({MVO}'s)
              which are suited for configuration interaction
              calculations},
   JOURNAL = jcp,
   VOLUME  = 72,
   YEAR    = 1980,
   PAGES   = 880}

@ARTICLE{jmbjcc15,
   AUTHOR  = {J.~M.~Bofill},
   TITLE   = {Updated {H}essian matrix and the restricted step method
              for locating transition structures},
   JOURNAL = jcc,
   VOLUME  = 15,
   YEAR    = 1994,
   PAGES   = 1}

@ARTICLE{Boyloc,
   AUTHOR = {S.~F.~Boys},
   TITLE  = {Construction of some molecular orbitals to be approximately
     invariant for changes from one molecule to another},
   JOURNAL ={Rev.~Mod.~Phys.},
   YEAR   = {1960},
   VOLUME = {32},
   PAGES  = {296} }
%keyword: localized orbitals


@ARTICLE{adbacp12,
   AUTHOR  = {A.~D.~Buckingham},
   TITLE   = {Permanent and Induced Molecular Moments and Long-Range
              Intermolecular Forces},
   JOURNAL = acp,
   VOLUME  = 12,
   YEAR    = 1967,
   PAGES   = 107}

@ARTICLE{jsbjapwjhjacs102,
        AUTHOR = {J.~S.~Binkley and J.~A.~Pople and W.~J.~Hehre},
        JOURNAL = jacs ,
        VOLUME = 102 ,
        YEAR = 1980 ,
        PAGES = 939 }

@ARTICLE{cwbsrllabjcp91,
        AUTHOR = {C.~W.~{\mbox Bauschlicher Jr.} and S.~R.~Langhoff and
                  L.~A.~Barnes},
        JOURNAL = jcp ,
        VOLUME = 91 ,
        YEAR = 1989 ,
        PAGES = 2399 }

@ARTICLE{cwbsrlaktca77,
  author =       {C.~W.~{\mbox Bauschlicher Jr.} and S.~R.~Langhoff and A.~Kormornicki},
  journal =      tca,
  year =         1990 ,
  volume =       77 ,
  pages =        263 }

%
% *****
% * C *
% *****
%
@ARTICLE{cammi02,
   AUTHOR  = {R.~Cammi and L.~Frediani and B.~Mennucci and J.~Tomasi and K.~Ruud and K.~V.~Mikkelsen},
   TITLE   = {A second-order, quadratically convergent multiconfigurational self-consistent field polarizable continuum model for equilibrium and nonequilibrium solvation},
   JOURNAL = jcp,
   VOLUME  = 117,
   YEAR    = 2002,
   PAGES   = 13}

@article{cammi03,
author = {R.~Cammi and L.~Frediani and B.~Mennucci and K.~Ruud},
title = {Multiconfigurational self-consistent field linear response for the polarizable continuum model: Theory and application to ground and excited-state polarizabilities of para-nitroaniline in solution},
year = {2003},
journal = jcp,
volume = 119,
pages = 5818}

@ARTICLE{cjcwhmjcp75,
   AUTHOR  = {C.~J.~Cerjan and W.~H.~Miller},
   TITLE   = {On finding transition states},
   JOURNAL = jcp,
   VOLUME  = 75,
   YEAR    = 1981,
   PAGES   = 2800}

@ARTICLE{jrcmjffjdpjsjpca104,
   AUTHOR  = {J.~R.~Cheeseman and M.~J.~Frisch and F.~J.~Devlin
              and P.~J.~Stephens},
   TITLE   = {{H}artree--{F}ock and Density Functional Theory {\it{ab
              initio}} Calculation of Optical Rotation Using {GIAO}s:
              Basis Set Dependence},
   JOURNAL = jpca,
   VOLUME  = 104,
   YEAR    = 2000,
   PAGES   = 1039}

@ARTICLE{dbcberkdmdaejcc14,
   AUTHOR  = {D.~B.~Chesnut and B.~E.~Rusiloski and K.~D.~Moore and
              D.~A.~Egolf},
   TITLE   = {Use of Locally Dense Basis Sets for Nuclear Magnetic
              Resonance Shielding Calculations},
   JOURNAL = jcc,
   VOLUME  = 14,
   YEAR    = 1993,
   PAGES   = 1364}

@ARTICLE{Christiansen:CPL243,
   AUTHOR  = {O.~Christiansen and H.~Koch and P.~J{\o}rgensen},
   TITLE   = {The second-order approximate coupled cluster singles and
              doubles model {CC2}},
   JOURNAL = cpl,
   VOLUME  = 243,
   YEAR    = 1995,
   PAGES   = 409}

@ARTICLE{Christiansen:JCP103,
   AUTHOR  = {O.~Christiansen and H.~Koch and P.~J{\o}rgensen},
   TITLE   = {Response functions in the {CC3} iterative triple
              excitation model},
   JOURNAL = jcp,
   VOLUME  = 103,
   YEAR    = 1995,
   PAGES   = 7429}

@ARTICLE{Christiansen:PERTURBATIVE_TRIPLES,
   AUTHOR  = {O.~Christiansen and H.~Koch and P.~J{\o}rgensen},
   TITLE   = {Perturbative triple excitation corrections to coupled
              cluster singles and doubles excitation energies},
   JOURNAL = jcp,
   VOLUME  = 105,
   YEAR    = 1996,
   PAGES   = 1451}

@ARTICLE{Christiansen:JCP105,
   AUTHOR  = {O.~Christiansen and H.~Koch and A.~Halkier
              and P.~J{\o}rgensen and T.~Helgaker
              and A.~M.~{Sanchez de Meras} },
   TITLE   = {Large-scale calculations of excitation energies in
              coupled cluster theory: The singlet excited states
              of benzene},
   JOURNAL = jcp,
   VOLUME  = 105,
   YEAR    = 1996,
   PAGES   = 6921}

@ARTICLE{Christiansen:CCLR,
   AUTHOR  = {O.~Christiansen and A.~Halkier and H.~Koch and
              P.~J{\o}rgensen and T.~Helgaker},
   TITLE   = {Integral-direct coupled cluster calculations of
              frequency-dependent polarizabilities, transition
              probailities and excited-state properties},
   JOURNAL = jcp,
   VOLUME  = 108,
   YEAR    = 1998,
   PAGES   = 2801}

@ARTICLE{Christiansen:QEL,
   AUTHOR  = {O.~Christiansen and P.~J{\o}rgensen and C.~H\"attig},
   TITLE   = {Response functions from {F}ourier component variational
              perturbation theory applied to a time-averaged
              quasienergy},
   JOURNAL = ijqc,
   VOLUME  = 68,
   YEAR    = 1998,
   PAGES   = 1}

@ARTICLE{jcjacs111,
   AUTHOR  = {J.~Cioslowski},
   TITLE   = {A New Population Analysis Based on Atomic Polar
              Tensors},
   JOURNAL = jacs,
   VOLUME  = 111,
   YEAR    = 1989,
   PAGES   = 8333}

@ARTICLE{Coriani:MCDRSP,
   AUTHOR  = {S.~Coriani and P.~J{\o}rgensen and A.~Rizzo
              and K.~Ruud and J.~Olsen},
   TITLE   = {{\it{Ab initio}} determinations of {M}agnetic {C}ircular
             {D}ichroism},
   JOURNAL = cpl,
   VOLUME  = 300,
   YEAR    = 1999,
   PAGES   = 61}

@ARTICLE{Coriani:MOACC,
   AUTHOR  = {S.~Coriani and C.~H\"attig
              and P.~J{\o}rgensen and T.~Helgaker},
   TITLE   = {Gauge-origin independent magneto-optical activity within
              coupled cluster response theory},
   JOURNAL = jcp,
   VOLUME  = 113,
   YEAR    = 2000,
   PAGES   = 3561}

@phdthesis{Coriani:PHD,
   AUTHOR  = {S.~Coriani},
   TITLE   = {{\it{Ab initio}} determination of molecular properties},
   MONTH   = {July},
   YEAR    = 2000,
   SCHOOL  = {Aarhus University},
   ADDRESS = {{\AA}rhus, Denmark}}

@ARTICLE{pcppjms114,
   AUTHOR  = {P.~Cs\`asz\`ar and P.~Pulay},
   TITLE   = {Geometry optimization by direct inversion in the
              iterative subspace},
   JOURNAL = jms,
   VOLUME  = 114,
   YEAR    = 1984,
   PAGES   = 31}

@ARTICLE{tcjcgwsprsjcc4,
        AUTHOR = {T.~Clark and J.~Chandrasekhar and G.~W.~Spitznagel and
                  P.~v.~R.~Schleyer},
        JOURNAL = jcc ,
        VOLUME = 4 ,
        YEAR = 1983 ,
        PAGES = 294 }

@ARTICLE{pccpcctocd,
        AUTHOR = {I.~G. Cuesta and J.~S{\'a}nchez and
          A.~M.~J.~S{\'a}nchez~de~Mer{\'a}s and
          F.~Paw{\l}owski and P.~Lazzeretti},
        JOURNAL = pccp ,
        VOLUME = 12 ,
        YEAR = 2010 ,
        PAGES = 6163 }

@ARTICLE{ijqc_chopt,
        AUTHOR = {J.~L.~Cacheiro and T.~B.~Pedersen and B.~Fern{\'a}ndez
          and A.~M.~J.~S{\'a}nchez~de~Mer{\'a}s and H.~Koch},
        JOURNAL = ijqc ,
        VOLUME = 111 ,
        YEAR = 2011 ,
        PAGES = 349 }

@ARTICLE{lacmpmjpbnedrcblrjcp103,
        AUTHOR = {L.~A.~Curtiss and M.~P.~McGrath and J-P.~Blandeau and
                  N.~E.~Davis and R.~C.~Binning,~Jr. and  L.~Radom},
        JOURNAL = jcp ,
        VOLUME = 103 ,
        YEAR = 1995 ,
        PAGES = 6104 }

%
% *****
% * D *
% *****
%
@ARTICLE{erdjcp17,
   AUTHOR  = {E.~R.~Davidson},
   JOURNAL = jcp,
   VOLUME  = 17,
   YEAR    = 1975,
   PAGES   = 87}

@Article{ekdspasjpca102,
  author =   {E.~K.~Dalskov and S.~P.~A.Sauer},
  title =    {},
  journal =      jpca,
  year =     {1998},
  volume =   {102},
  pages =    {5269}
}

@TECHREPORT{fbvdibmrap,
   AUTHOR      = {F.~B.~van Duijneveldt},
   TITLE       = {{\mbox{IBM Res.~ Rep.~ RJ945}}},
   INSTITUTION = {IBM},
   YEAR        = 1971}

@ARTICLE{thdjcp90,
   AUTHOR  = {T.~H.~{\mbox{Dunning Jr.}}},
   TITLE   = {{G}aussian basis sets for use in correlated molecular
              calculations. {I.} {T}he atoms boron through neon and
              hydrogen},
   JOURNAL = jcp,
   VOLUME  = 90,
   YEAR    = 1989,
   PAGES   = 1007}


@InCollection{thdpjhhfs1977,
  author =       {T.~H.~{\mbox Dunning Jr.} and P.~J.~Hay},
  booktitle =    {Methods of Electronic Structure Theory},
  publisher =    {Plenum Press},
  volume =       2 ,
  year =         1977 ,
  editor =       {H.~F.~Schaefer},
  address =      {New York} }

@InCollection{thdpjhhfs1977-2,
  author =       {T.~H.~{\mbox Dunning Jr.} and P.~J.~Harrison},
  booktitle =    {Modern Theoretical Chemistry},
  publisher =    {Plenum Press},
  volume =       {2},
  year =         {1977},
  editor =       {H.~F.~Schaefer},
  address =      {New York} }

@ARTICLE{thdjcp53,
        AUTHOR = {T.~H.~{\mbox Dunning Jr.}},
        JOURNAL = jcp ,
        VOLUME = 53 ,
        YEAR = 1970 ,
        PAGES = 2823 }

@ARTICLE{thdjcp55,
        AUTHOR = {T.~H.~{\mbox Dunning Jr.}},
        JOURNAL = jcp ,
        VOLUME = 55 ,
        YEAR = 1971 ,
        PAGES = 716 }

@ARTICLE{kddwjhjcc7,
        AUTHOR = {K.~D.~Dobbs and W.~J.~Hehre},
        JOURNAL = jcc ,
        VOLUME = 7 ,
        YEAR = 1986 ,
        PAGES = 359 }

@ARTICLE{kddwjhjcc8-1,
        AUTHOR = {K.~D.~Dobbs and W.~J.~Hehre},
        JOURNAL = jcc ,
        VOLUME = 8 ,
        YEAR = 1987 ,
        PAGES = 861 }

@ARTICLE{kddwjhjcc8-2,
        AUTHOR = {K.~D.~Dobbs and W.~J.~Hehre},
        JOURNAL = jcc ,
        VOLUME = 8 ,
        YEAR = 1987 ,
        PAGES = 880 }

@ARTICLE{jddjapjcp62,
        AUTHOR = {J.~D.~Dill and J.~A.~Pople},
        JOURNAL = jcp ,
        VOLUME = 62 ,
        YEAR = 1975 ,
        PAGES = 2921 }

@ARTICLE{rdwjhjapjcp54,
        AUTHOR = {R.~Ditchfield and W.~J.~Hehre and J.~A.~Pople},
        JOURNAL = jcp ,
        VOLUME = 54 ,
        YEAR = 1971 ,
        PAGES = 724 }

@article{thole_damp_2,
  title={Molecular and atomic polarizabilities: Thole's model revisited},
  author={Van Duijnen, Piet Th and Swart, Marcel},
  journal=jpca,
  volume={102},
  number={14},
  pages={2399},
  year={1998}}

@Article{kgdjcp102,
  author =   {K.~G.~Dyall},
  journal =  jcp,
  year =     {1995},
  volume =   {102},
  pages =    {4909}
}

%
% *****
% * E *
% *****
%
@MISC{emslref,
   AUTHOR = {},
   NOTE   = {Basis sets were obtained from the Extensible
             Computational Chemistry Environment Basis Set
             Database, Version 1.0, as developed and distributed
             by the Molecular Science Computing Facility,
             Environmental and Molecular Sciences Laboratory
             which is part of the Pacific Northwest Laboratory,
             P.O. Box 999, Richland, Washington 99352, USA, and
             funded  by the U.S. Department of Energy. The
             Pacific Northwest Laboratory is a multi-program
             laboratory operated by Battelle Memorial Institue
             for the U.S. Department of Energy under contract
             DE-AC06-76RLO 1830. Contact David Feller, Karen
             Schuchardt, or Don Jones for further information.}}

@ARTICLE{tejospastcan100,
   AUTHOR  = {T.~Enevoldsen and J.~Oddershede and S.~P.~A.~Sauer},
   TITLE   = {Correlated calculations of indirect nuclear spin-spin
              coupling constants using second-order polarization
              propagator approxiamtions: {SOPPA} and {SOPPA(CCSD)}},
   JOURNAL = tcan,
   VOLUME  = 100,
   YEAR    = 1998,
   PAGES   = 275}

@article{pesoppa,
   author = {J.~J.~Eriksen and S.~P.~A.~Sauer and K.~V.~Mikkelsen and H.~J.~Aa.~Jensen and J.~Kongsted},
   title = {On the importance of excited state dynamic response electron correlation in polarizable embedding methods},
   journal = jcc,
   volume = {33},
   pages = {2012},
   year = {2012}} 

%
% *****
% * F *
% *****
%
@ARTICLE{bfpjjbjothhjajjcp97,
   AUTHOR  = {B.~Fernandez and P.~J{\o}rgensen and J.~Byberg and
              J.~Olsen and T.~Helgaker and H.~J.~Aa.~Jensen},
   TITLE   ={Spin polarization in restricted electronic-structure
             theory -- multiconfiguration self-consistent-field
             calculations of hyperfine coupling-constants},
   JOURNAL = jcp,
   VOLUME  = 97,
   YEAR    = 1992,
   PAGES   = 3412}

@ARTICLE{bfpjcpl232,
   AUTHOR  = {B.~Fernandez and P.~J{\o}rgensen},
   TITLE   = {Evaluation of hyperfine coupling tensors of the {BeH} and
              {BeF} radicals},
   JOURNAL = cpl,
   VOLUME  = 232,
   YEAR    = 1995,
   PAGES   = 463}

@ARTICLE{bfocobpjkvmjcp104,
   AUTHOR  = {B.~Fernandez and O.~Christiansen and O.~Bludsky and
              P.~J{\o}rgensen and K.~V.~Mikkelsen},
   TITLE   = {Theory of hyperfine coupling constants of solvated
              molecules: Applications involving methyl and {ClO$_{2}$}
              radicals in different solvents},
   JOURNAL = jcp,
   VOLUME  = 104,
   YEAR    = 1996,
   PAGES   = 629}

@article{ferrighi2010,
author = {L.~Ferrighi and L.~Frediani and K.~Ruud},
title = {Excited-state polarizabilities of solvated molecules using cubic response theory and the polarizable continuum model},
year = {2010},
journal = jcp,
volume = {132},
pages = {024107}
}

@article{ferrighi07,
author = {L.~Ferrighi and L.~Frediani and K.~Ruud},
title = {Degenerate Four-Wave Mixing in Solution by Cubic Response Theory and the Polarizable Continuum Model},
journal = jpcb,
volume = {111},
pages = {8965-8973},
year = {2007}
}

@article{frediani05,
author = {L.~Frediani and H.~{\AA}gren and L.~Ferrighi and K.~Ruud},
title = {Second-harmonic generation of solvated molecules using multiconfigurational self-consistent-field quadratic response theory and the polarizable continuum model},
year = {2005},
journal = jcp,
volume = {123},
pages = {144117},
}

@ARTICLE{rpfpr56,
   AUTHOR  = {R.~P.~Feynman},
   JOURNAL = pr,
   VOLUME  = 56,
   YEAR    = 1939,
   PAGES   = 340}

@BOOK{Fletcher,
   AUTHOR    = {R.~Fletcher},
   TITLE     = {Practical Methods of Optimization Vol.1 -
                Unconstrained Optimization},
   PUBLISHER = {J.~Wiley \& Sons Ltd.},
   ADDRESS   = {New York},
   YEAR      = 1981}

@ARTICLE{gfxfzpwtppjacs114,
   AUTHOR  = {G.~Fogarasi and X.~F.~Zhou and P.~W.~Taylor and
              P.~Pulay},
   TITLE   = {The calculation of {\it{ab initio}} molecular geometries
              -- efficient optimization by natural internal coordinates
              and empirical correction by offset forces},
   JOURNAL = jacs,
   VOLUME  = 114,
   YEAR    = 1992,
   PAGES   = 8191 }

@ARTICLE{kfacr14,
   AUTHOR  = {K.~Fukui},
   JOURNAL = acr,
   VOLUME  = 14,
   YEAR    = 1981,
   PAGES   = 363}

@TECHREPORT{nqvdref,
   AUTHOR      = {K.~F{\ae}gri},
   TITLE       = {{NQvD} basis sets},
   INSTITUTION = {Department of Chemistry, University of Oslo},
   YEAR        = 1994}

@ARTICLE{mjfjapjsbjcp80,
        AUTHOR = {M.~J.~Frisch and J.~A.~Pople and J.~S.~Binkley},
        JOURNAL = jcp ,
        VOLUME = 80 ,
        YEAR = 1984 ,
        PAGES = 3265 }

@ARTICLE{mmfwjpwjhjsbmsgdjdjapjcp77,
        AUTHOR = {M.~M.~Francl and W.~J.~Pietro and W.~J.~Hehre and
                  J.~S.~Binkley and M.~S.~Gordon and D.~J.~Defrees
                  and J.~A.~Pople},
        JOURNAL = jcp ,
        VOLUME = 77 ,
        YEAR = 1982 ,
        PAGES = 3654 }

@article{
 fleig_gasci2,
 author = {T. Fleig and J. Olsen and L. Visscher},
 title = {The generalized active space concept for the relativistic treatment of electron correlation. {II}: {L}arge-scale configuration interaction implementation based on relativistic 2- and 4-spinors and its application},
 journal = jcp,
 year    = 2003,
 volume  = 119,
 pages   = 2963,
 }

%
% *****
% * G *
% *****
%
@article{gen1int,
   author = {B.~Gao and A.~J.~Thorvaldsen and K.~Ruud},
   title = {{GEN1INT}: A unified procedure for the evaluation of one-electron integrals over Gaussian basis functions and their geometric derivatives},
   journal = ijqc,
   year = {2012},
   volume = {111},
   pages = {858-872}}

@ARTICLE{jgkrthjcp105,
   AUTHOR  = {J.~Gauss and K.~Ruud and T.~Helgaker},
   TITLE   = {Perturbation-dependent atomic orbitals for the
              calculation of spin-rotation constants and rotational
              {\it g} tensors},
   JOURNAL = jcp,
   VOLUME  = 105,
   YEAR    = 1996,
   PAGES   = 2804}

@InCollection{spectroref,
  AUTHOR  = {J.~F.~Gaw and A.~Willetts and W.~H.~Greeen and N.~C.~Handy},
  TITLE   = {SPECTRO},
  booktitle = {Molecular Vibrations and Collision Dynamics},
  publisher =    {JAI Press} ,
  editor =       {J. M. Bowman},
  address =      {Greenwich, CT},
  year =         1990,
  hjaajcomment = {this ref is from 2007 paper with Handy among the authors} }

@ARTICLE{mngapmpmlrjcp103,
        AUTHOR = {M.~N.~Glukhovstev and A.~Pross and M.~P.~McGrath and
                  L.~Radom},
        JOURNAL = jcp ,
        VOLUME = 103 ,
        YEAR = 1995 ,
        PAGES = 1878 }

@ARTICLE{msgjsbjapwjpwjhjacs104,
        AUTHOR = {M.~S.~Gordon and J.~S.~Binkley and J.~A.~Pople and
                  W.~J.~Pietro and W.~J.~Hehre},
        JOURNAL = jacs ,
        VOLUME = 104 ,
        YEAR = 1983 ,
        PAGES = 2797 }

@Article{edgdfjpc99,
  author =       {E.~D.~Glendening and D.~Feller},
  journal =      jpc,
  year =         1995 ,
  volume =       99 ,
  pages =        3060 }

%
% *****
% * H *
% *****
%
@ARTICLE{Hald:JCP113,
   AUTHOR  = {K.~Hald, C.~H\"{a}ttig and P.~J{\o}rgensen},
   TITLE   = {Triplet excitation energies in the coupled cluster
              singles and doubles model using an explicit triplet spin
              coupled excitation space},
   JOURNAL = jcp,
   VOLUME  = 113,
   YEAR    = 2000,
   PAGES   = 7765}

@ARTICLE{Hald:JCP115,
   AUTHOR  = {K.~Hald, C.~H\"{a}ttig, J.~Olsen and P.~J{\o}rgensen},
   TITLE   = {CC3 triplet excitation energies using an explicit
              excitation space},
   JOURNAL = jcp,
   VOLUME  = 115,
   YEAR    = 2001,
   PAGES   = 3545}

@Article{bahpra33,
  author =   {B.~A.~Hess},
  title = {},
  journal =  {Phys.Rev.~{\bf A}},
  year =     {1986},
  volume =   {33},
  pages =    {3742}
}

@Article{bahcmmuwogcpl251,
  author =   {B.~A.~Hess and C.~M.~Marian and U.~Wahlgren and O.~Gropen},
  title =    {},
  journal =  cpl,
  year =     {1996},
  volume =   {251},
  pages =    {365}
}

@ARTICLE{Halkier:CCFOP,
   AUTHOR  = {A.~Halkier and H.~Koch and O.~Christiansen
              and P.~J{\o}rgensen and T.~Helgaker},
   TITLE   = {First-order one-electron properties in the
              integral-direct coupled cluster singles and doubles
              model},
   JOURNAL = jcp,
   VOLUME  = 107,
   YEAR    = 1997,
   PAGES   = 849}

@UNPUBLISHED{Halkier:CC2RLXFOP,
   AUTHOR  = {A.~Halkier and S.~Coriani},
   TITLE   = {Relaxed {CC2} first-order properties},
   NOTE    = {(Technical notes)},
   YEAR    = 2000}

@ARTICLE{Hald:CCPTFOP,
   AUTHOR  = {K.~Hald and A.~Halkier and P.~J{\o}rgensen and S.~Coriani and T.~Helgaker},
   TITLE   = {A {L}agrangian, integral-density direct formulation and implementation
              of the analytic {CCSD} and {CCSD(T)} gradients},
   JOURNAL = jcp,
   VOLUME  = 118,
   YEAR    = 2003,
   PAGES   = 2985}

@ARTICLE{Haettig:CAUCHY,
   AUTHOR  = {C.~H{\"attig} and O.~Christiansen and P.~J{\o}rgensen},
   TITLE   = {Cauchy moments and dispersion coefficients using
              coupled cluster linear response theory},
   JOURNAL = jcp,
   VOLUME  = 107,
   YEAR    = 1997,
   PAGES   = 10592}

@ARTICLE{Haettig:CCQR,
   AUTHOR  = {C.~H{\"attig} and O.~Christiansen
              and H.~Koch and P.~J{\o}rgensen},
   TITLE   = {Frequency-dependent first hyperpolarizabilities using
              coupled cluster quadratic response theory},
   JOURNAL = cpl,
   VOLUME  = 269,
   YEAR    = 1997,
   PAGES   = 428}

@ARTICLE{Haettig:CCCR,
   AUTHOR  = {C.~H{\"attig} and O.~Christiansen and P.~J{\o}rgensen},
   TITLE   = {Frequency-dependent second hyperpolarizabilities using
              coupled cluster cubic response theory},
   JOURNAL = cpl,
   VOLUME  = 282,
   YEAR    = 1998,
   PAGES   = 139}

@ARTICLE{Haettig:MULTIPHOTON,
   AUTHOR  = {C.~H{\"attig} and O.~Christiansen and P.~J{\o}rgensen},
   TITLE   = {Multiphoton transition moments and absorption cross
              section in coupled cluster response theory employing
              variational transition moment functionals},
   JOURNAL = jcp,
   VOLUME  = 108,
   YEAR    = 1998,
   PAGES   = 8331}

@ARTICLE{Haettig:TWOPHOTON,
   AUTHOR  = {C.~H{\"attig} and O.~Christiansen and P.~J{\o}rgensen},
   TITLE   = {Coupled cluster response calculations of twophoton
              transition probability rate constants for helium, neon
              and argon},
   JOURNAL = jcp,
   VOLUME  = 108,
   YEAR    = 1998,
   PAGES   = 8355}

@ARTICLE{Haettig:EXCITED,
   AUTHOR  = {C.~H{\"attig} and P.~J{\o}rgensen},
   TITLE   = {Derivation of coupled cluster excited states response
              functions and multiphoton transition moments between
              two excited states as derivatives of variational
              functionals},
   JOURNAL = jcp,
   VOLUME  = 109,
   YEAR    = 1998,
   PAGES   = 4745}

@ARTICLE{Haettig:EXLR,
   AUTHOR  = {C.~H{\"a}ttig and O.~Christiansen and
              S.~Coriani and P.~J{\o}rgensen},
   TITLE   = {Frequency-dependent polarizabilities of excited states
              using coupled cluster response theory},
   JOURNAL = jcp,
   VOLUME  = 109,
   YEAR    = 1998,
   PAGES   = 9237}

@ARTICLE{Haettig:DISPBETA,
   AUTHOR  = {C.~H\"attig and P.~J{\o}rgensen},
   TITLE   = {Dispersion coefficients for first hyperpolarizabilities
              using coupled cluster cubic response theory},
   JOURNAL = tca,
   VOLUME  = 100,
   YEAR    = 1998,
   PAGES   = 230}

@ARTICLE{Haettig:DISPGAMMA,
   AUTHOR  = {C.~H\"attig and P.~J{\o}rgensen},
   TITLE   = {Dispersion coefficients for second hyperpolarizabilities
              using coupled cluster cubic response theory},
   JOURNAL = aiqc,
   VOLUME  = 35,
   YEAR    = 1999,
   PAGES   = 111}

@ARTICLE{Haettig:DIPGRA,
   AUTHOR  = {C.~H\"attig and T.~B.~Pedersen and K.~V.~Mikkelsen and
          T.~Helgaker},
   TITLE   = {Coupled-cluster singles-and-doubles calculations of atomic charges
              from {Atomic Polar Tensors}},
   YEAR    = 2005,
   NOTE    = {Unpublished} }

@ARTICLE{Head-Gordon:94,
   AUTHOR  = {M.~Head-Gordon and R.~J.~Rico and M.~Oumi
              and T.~J.~Lee},
   TITLE   = {A doubles correction to electronic excited-states from
              configuration-interaction in the space of single
              substitutions},
   JOURNAL = cpl,
   VOLUME  = 219,
   YEAR    = 1994,
   PAGES   = 21}

@article{pemcscf,
  author = {E.~D.~Hedeg\aa{}rd and N.~H.~List and H.~J.~Aa.~Jensen and J.~Kongsted},
  title = {The multi-configuration self-consistent field method within a polarizable embedded framework},
  journal = jcp,
  volume = {139},
  year = {2013},
  pages = {044101}}

@ARTICLE{tuhjahjajpjjcp84,
   AUTHOR  = {T.~U.~Helgaker and J.~Alml\"{o}f and H.~J.~Aa.~Jensen
              and P.~J{\o}rgensen},
   TITLE   = {Molecular {H}essians for large-scale {MCSCF} wave
              functions},
   JOURNAL = jcp,
   VOLUME  = 84,
   YEAR    = 1986,
   PAGES   = 6266}

@ARTICLE{tuhhjajpjjcp84,
   AUTHOR  = {T.~U.~Helgaker and H.~J.~Aa.~Jensen and
              P.~J{\o}rgensen},
   TITLE   = {Analytical calcultion of {MCSCF} dipole-moment
              derivatives},
   JOURNAL = jcp,
   VOLUME  = 182,
   YEAR    = 1986,
   PAGES   = 6280}

@ARTICLE{thcpl182,
   AUTHOR  = {T.~Helgaker},
   TITLE   = {Transition-state optimizations by trust-region image
              minimization},
   JOURNAL = cpl,
   VOLUME  = 182,
   YEAR    = 1991,
   PAGES   = 503}

@ARTICLE{thpjjcp95,
   AUTHOR  = {T.~Helgaker and P.~J{\o}rgensen},
   TITLE   = {An electronic {H}amiltonian for origin independent
              calculations of magnetic properties},
   JOURNAL = jcp,
   VOLUME  = 95,
   YEAR    = 1991,
   PAGES   = 2595}

@ARTICLE{theuhjajcpl173,
   AUTHOR  = {T.~Helgaker and E.~Uggerud and H.~J.~Aa.~Jensen},
   TITLE   = {Integration of the classical equations of motion on
              {\it{ab initio}} molecular potential energy surfaces
              using gradients and {H}essians: application to
              translational energy release upon fragmentation},
   JOURNAL = cpl,
   VOLUME  = 173,
   YEAR    = 1990,
   PAGES   = 145}

@ARTICLE{thkrklbpjjofd99,
   AUTHOR  = {T.~Helgaker and K.~Ruud and K.~L.~Bak and
              P.~J{\o}rgensen and J.~Olsen},
   TITLE   = {Vibrational Raman Optical Activity Calculations Using
              {L}ondon Atomic Orbitals},
   JOURNAL = fd,
   VOLUME  = 99,
   YEAR    = 1994,
   PAGES   = 165}

@INCOLLECTION{thkrprt95,
   AUTHOR    = {T.~Helgaker, K.~Ruud and P.~R.~Taylor},
   EDITOR    = {D.~Heidrich},
   TITLE     = {Second-Order Methods for the Optimization of
                Molecular Potential Energy Surfaces},
   BOOKTITLE = {The reaction path in Chemistry: Current
                Approaches and Perspectives},
   PUBLISHER = {Kluwer, Netherlands},
   YEAR      = 1995}

@ARTICLE{thmjkrcr99,
   AUTHOR  = {T.~Helgaker and M.~Jaszu\'{n}ski and K.~Ruud},
   TITLE   = {{\it{Ab Initio}} Methods for the Calculation of {NMR}
              Shielding Constants and Indirect Spin-Spin Coupling
              Constants},
   JOURNAL = cr,
   VOLUME  = 99,
   YEAR    = 1999,
   PAGES   = 293}

@BOOK{hhbook,
   AUTHOR    = {H.~Hellmann},
   TITLE     = {Einf\"{u}hrung in die Quantenchemie},
   PUBLISHER = {Deuticke},
   ADDRESS   = {Leipzig},
   YEAR      = 1937}

@ARTICLE{hhhjajpjjojcp97,
   AUTHOR  = {H.~Hettema and H.~J.~Aa.~Jensen and P.~J{\o}rgensen and
              J.~Olsen},
   TITLE   = {Quadratic response functions for a multiconfigurational
              self-consistent field wave-function},
   JOURNAL = jcp,
   VOLUME  = 97,
   YEAR    = 1992,
   PAGES   = 1174}

@ARTICLE{whc48,
   AUTHOR  = {W.~Hug},
   TITLE   = {Vibrational Raman Optical Activity Comes of Age},
   JOURNAL = chi,
   VOLUME  = 48,
   YEAR    = 1994,
   PAGES   = 386}

@ARTICLE{whmklwhfjcp48,
   AUTHOR  = {W.~H\"{u}ttner and M.~-K.~Lo and W.~H.~Flygare},
   TITLE   = {Molecular g-Value Tensor, the Molecular Susceptibility
              Tensor, and the Sign of the Electric Dipole Moment in
              Formaldehyde},
   JOURNAL = jcp,
   VOLUME  = 48,
   YEAR    = 1968,
   PAGES   = 1206}

@ARTICLE{wjhrfsjapjcp51,
        AUTHOR = {W.~J.~Hehre and R.~F.~Stewart and J.~A.~Pople},
        JOURNAL = jcp ,
        VOLUME = 51 ,
        YEAR = 1969 ,
        PAGES = 2657 }

@ARTICLE{wjhrdrfsjapjcp52,
        AUTHOR = {W.~J.~Hehre and R.~Ditchfield and R.~F.~Stewart and J.~A.~Pople},
        JOURNAL = jcp ,
        VOLUME = 52 ,
        YEAR = 1970 ,
        PAGES = 2769 }

@ARTICLE{wjhrdjapjcp56,
        AUTHOR = {W.~J.~Hehre and R.~Ditchfield and J.~A.~Pople},
        JOURNAL = jcp ,
        VOLUME = 56 ,
        YEAR = 1972 ,
        PAGES = 2257 }

@TECHREPORT{huzinagaintern,
        AUTHOR = {S.~Huzinaga},
        TITLE = {Approximate Atomic Functions},
        INSTITUTION = {University of Alberta, Edmonton},
        YEAR = 1971 }

@InCollection{huzinagabasis,
  author =       {S.~Huzinaga},
  booktitle =    {Gaussian Basis Sets for Molecular Calculations},
  publisher =    {Elsevier} ,
  editor =       {J.~Andzelm and M.~Klobukowski and E.~Radzio-Andzelm and
                  Y.~Sakai and H.~Tatewaki},
  address =      {Amsterdam},
  year =         1984 }

@ARTICLE{pchjaptca28,
        AUTHOR = {P.~C.~Hariharan and J.~A.~Pople},
        JOURNAL = tca ,
        VOLUME = 28 ,
        YEAR = 1973 ,
        PAGES = 213 }

%
% *****
% * I *
% *****
%

%
% *****
% * J *
% *****
%
@ARTICLE{bjarhacpl414,
   AUTHOR  = {B.~Jansik and A.~Rizzo and H.~{\AA}gren},
   TITLE   = {Response theory calculations of two-photon circular dichroism},
   JOURNAL = cpl,
   VOLUME  = 414,
   YEAR    = 2005,
   PAGES   = 461}

@ARTICLE{mjssocpjthkrcpl243,
   AUTHOR  = {M.~Jaszu\'{n}ski and S.~Szym\'{a}nski and
              O.~Christiansen and P.~J{\o}rgensen and T.~Helgaker and K.~Ruud},
   TITLE   = {{NMR} properties of {N$_{3}^{-}$} -- a comparison of
              theory and experiment},
   JOURNAL = cpl,
   VOLUME  = 243,
   YEAR    = 1995,
   PAGES   = 144}

% pc-n for H,C - F, n=0-4
@Article{fjjcp115,
  author =   {F.~Jensen},
  journal =  jcp,
  year =     {2001},
  volume =   {115},
  pages =    {9113}
}

% Publisher's correction to pc-n for H,C - F, n=0-4
@Article{fjjcp116,
  author =   {F.~Jensen},
  journal =  jcp,
  year =     {2002},
  volume =   {116},
  pages =    {3502}
}

% aug. functions to fjjcp115 in apc-n basis sets for H,C - F, n=0-4
@Article{fjjcp117,
  author =   {F.~Jensen},
  journal =  jcp,
  year =     {2002},
  volume =   {117},
  pages =    {9234}
}

% pc-n and apc-n for Si-Cl, n=0-4
@Article{fjthjcp121,
  author =   {F.~Jensen and T.~Helgaker},
  journal =  jcp,
  year =     {2004},
  volume =   {121},
  pages =    {3463}
}

@ARTICLE{hjajpjthjcp85,
   AUTHOR  = {H.~J.~Aa.~Jensen and P.~J{\o}rgensen and T.~Helgaker},
   TITLE   = {Systematic determination of {MCSCF} equilibrium and
              transition structures and reaction paths},
   JOURNAL = jcp,
   VOLUME  = 85,
   YEAR    = 1986,
   PAGES   = 3917}

@ARTICLE{hjajpjhajcp87,
   AUTHOR  = {H.~J.~Aa.~Jensen and P.~J{\o}rgensen and H.~{\AA}gren},
   TITLE   = {Efficient optimization of large-scale {MCSCF}
              wave-functions with a restricted step algorithm},
   JOURNAL = jcp,
   VOLUME  = 87,
   YEAR    = 1987,
   PAGES   = 451}

@ARTICLE{hjajpjhajojcp88,
   AUTHOR  = {H.~J.~Aa.~Jensen and P.~J{\o}rgensen and H.~{\AA}gren
              and J.~Olsen},
   TITLE   = {Second-order {M}{\o}ller--{P}lesset perturbation theory
              as a configuration and orbital generator in
              multiconfiguration self-consistent field calculations},
   JOURNAL = jcp,
   VOLUME  = 88,
   YEAR    = 1988,
   PAGES   = 3834,
   NOTE    = {Erratum {\bf 89}, 5354 (1988)} }

@INCOLLECTION{hjajhajomotecc,
   AUTHOR    = {H.~J.~Aa.~Jensen and H.~{\AA}gren and J.~Olsen},
   EDITOR    = {E.~Clementi},
   TITLE     = {\sir : a General-purpose Direct Second-order {MCSCF}
                Program},
   BOOKTITLE = {Modern Techniques in Computational Chemistry},
   PUBLISHER = {ESCOM},
   ADDRESS   = {Leiden},
   YEAR      = 1991}

@ARTICLE{djpnylhajcp105,
   AUTHOR  = {D.~Jonsson and P.~Norman and Y.~Liu and H.~{\AA}gren},
   TITLE   = {Response theory for static and dynamic polarizabilities
              of excited states},
   JOURNAL = jcp,
   VOLUME  = 105,
   YEAR    = 1996,
   PAGES   = 581}

@ARTICLE{djpnhajcp105,
   AUTHOR  = {D.~Jonsson and P.~Norman and H.~{\AA}gren},
   TITLE   = {Cubic response functions in the multiconfigurational
              self-consistent field approximation},
   JOURNAL = jcp,
   VOLUME  = 105,
   YEAR    = 1996,
   PAGES   = 6401}

@ARTICLE{pjhjajthtca73,
   AUTHOR  = {P.~J{\o}rgensen and H.~J.~Aa.~Jensen and T.~Helgaker},
   TITLE   = {A gradient extremal walking algorithm},
   JOURNAL = tca,
   VOLUME  = 73,
   YEAR    = 1988,
   PAGES   = 55}

@ARTICLE{pjhjajjojcp89,
   AUTHOR  = {P.~J{\o}rgensen and H.~J.~Aa.~Jensen and J.~Olsen},
   TITLE   = {Linear response for large scale multiconfigurational
              self-consistent field wave functions},
   JOURNAL = jcp,
   VOLUME  = 89,
   YEAR    = 1988,
   PAGES   = 3654}

%
% *****
% * K *
% *****
%
@ARTICLE{kkwbmjjpbamop22,
   AUTHOR  = {K.~Kaufmann and W.~Baumeister and M.~Jungen},
   TITLE   = {Universal Gaussian basis sets for an optimum representation of
              Rydberg and continuum wavefunctions},
   JOURNAL = jpbamop,
   VOLUME  = 22,
   YEAR    = 1989,
   PAGES   = 2223}

@Article{skmwsmsgjpc96,
  author =   {S.~Koseki and M.~W.~Schmidt and M.~S.~Gordon},
  journal =  jpc,
  year =     {1992},
  volume =   {96},
  pages =    {10768}
}
@Article{skmsgmwsnm99,
  author =   {S.~Koseki and M.~S.~Gordon and M.~W.~Schmidt and N.~Matsunaga},
  journal =  jpc,
  year =     {1995},
  volume =   {99},
  pages =    {12764}
}
@Article{skmwsmsgjpca102,
  author =   {S.~Koseki and M.~W.~Schmidt and M.~S.~Gordon},
  journal =  jpca,
  year =     {1998},
  volume =   {102},
  pages =    {10430}
}

@Article{wkccmsjcp116,
  author =   {W.~Klopper and C.~C.~M.~Samson},
  journal =  jcp,
  year =     {2002},
  volume =   {116},
  pages =    {6397}
}

@ARTICLE{rakthdrjhjcp96,
   AUTHOR  = {R.~A.~Kendall and T.~H.~{\mbox{Dunning Jr.}} and
             R.~J.~Harrison},
   TITLE   ={Electron-affinities of the 1st-row atoms revisited --
             systematic basis-sets and wave-functions},
   JOURNAL = jcp,
   VOLUME  = 96,
   YEAR    = 1992,
   PAGES   = 6796}

@ARTICLE{skjohjajjcp103,
   AUTHOR  = {S.~Kirpekar and J.~Oddershede and H.~J.~Aa.~Jensen},
   TITLE   = {Relativistic corrections to molecular dynamic dipole
              polarizabilities},
   JOURNAL = jcp,
   VOLUME  = 103,
   YEAR    = 1995,
   PAGES   = 2983}

@ARTICLE{directCC,
   AUTHOR  = {H.~Koch and A.~S{\'a}nchez {de Mer{\'a}s} and
              T.~Helgaker and O.~Christiansen},
   TITLE   = {The integral-direct coupled cluster singles and doubles model},
   JOURNAL = jcp,
   VOLUME  = 104,
   PAGES   = 4157,
   YEAR    = 1996}

@ARTICLE{choint,
   AUTHOR  = {H.~Koch and A.~S{\'a}nchez {de Mer{\'a}s} and
              T.~B.~Pedersen},
   TITLE   = {Reduced scaling in electronic structure calculations using
              Cholesky decompositions},
   JOURNAL = jcp,
   VOLUME  = 118,
   PAGES   = 9481,
   YEAR    = 2003}

@ARTICLE{choexci,
   AUTHOR  = {P.~Baudin and J.~S{\'a}nchez and I.~G. Cuesta and 
              A.~S{\'a}nchez {de Mer{\'a}s}},
   TITLE   = {Calculation of excitation energies from the CC2 
              linear response theory using Cholesky decomposition},
   JOURNAL = jcp,
   VOLUME  = 140,
   PAGES   = 104111,
   YEAR    = 2014}

@ARTICLE{Koch:JCP106,
   AUTHOR  = {H.~Koch and O.~Christiansen and P.~J{\o}rgensen
              and A.~S{\'a}nchez {de Mer{\'a}s} and
              and T.~Helgaker},
   TITLE   = {The {CC3} model: {A}n iterative coupled cluster approach
              including connected triples},
   JOURNAL = jcp,
   VOLUME  = 106,
   PAGES   = 1808,
   YEAR    = 1997}

@ARTICLE{jcp_chopt,
   AUTHOR  = {H.~Koch and A.~S{\'a}nchez {de Mer{\'a}s}},
   JOURNAL = jcp,
   VOLUME  = 113,
   PAGES   = 508,
   YEAR    = 2000}

@ARTICLE{rkjsbrsjapjcp72,
        AUTHOR = {R.~Krishnan and J.~S.~Binkley and R.~Seeger and
                  J.~A.~Pople},
        JOURNAL = jcp ,
        VOLUME = 72 ,
        YEAR = 1980 ,
        PAGES = 650 }

@ARTICLE{wkijc19,
        AUTHOR = {W.~Kutzelnigg},
        JOURNAL = ijc ,
        VOLUME = 19 ,
        YEAR = 1980 ,
        PAGES = 193 }

@ARTICLE{jkkapjpca106,
        AUTHOR = {J.~Koput and K.~A.~Peterson},
        JOURNAL = jpca ,
        VOLUME = 106 ,
        YEAR = 2002 ,
        PAGES = 9595 }

@Article{knecht08,
  author  = "S. Knecht and H. J. Aa. Jensen and T. Fleig",
  title   = "Large-scale parallel configuration interaction. {I}.
             Non-relativistic and scalar-relativistic general active space
             implementation with application to ({R}b-{B}a)$^+$",
  journal = jcp,
  volume  = 128,
  year    = 2008,
  pages   = 014108
}

%
% *****
% * L *
% *****
%
@ARTICLE{rlabgkpamcpl241,
   AUTHOR  = {R.~Lindh and A.~Bernhardsson and G.~Karlstr\"{o}m and
              {\mbox{P.-{\AA}}}.~Malmqvist},
   TITLE   = {On the use of a {H}essian model function in molecular
              geometry optimizations},
   JOURNAL = cpl,
   VOLUME  = 241,
   YEAR    = 1995,
   PAGES   = 423}

%
% *****
% * M *
% *****
%
@ARTICLE{dmtajcp73,
   AUTHOR  = {D.~Matsuoka and T.~Aoyama},
   TITLE   = {Molecular integral of diamagnetic contribution to
              nuclear spin--spin coupling constant},
   JOURNAL = jcp,
   VOLUME  = 73,
   YEAR    = 1980,
   PAGES   = 5718}

@ARTICLE{kvmedpsjpc91,
   AUTHOR  = {K.~V.~Mikkelsen and E.~Dalgaard and P.~Swanstr{\o}m},
   TITLE   = {Electron-transfer reactions in solution -- {A}n {\it ab
             initio} approach},
   JOURNAL = jpc,
   VOLUME  = 91,
   YEAR    = 1987,
   PAGES   = 3081}

@ARTICLE{kvmhahjajthjcp89,
   AUTHOR  = {K.~V.~Mikkelsen and H.~{\AA}gren and H.~J.~Aa.~Jensen
              and T.~Helgaker},
   TITLE   = {A multiconfigurational self-consistent reaction-field
              method},
   JOURNAL = jcp,
   VOLUME  = 89,
   YEAR    = 1988,
   PAGES   = 3086}

@ARTICLE{kvmpjhjajjcp100,
   AUTHOR  = {K.~V.~Mikkelsen and P.~J{\o}rgensen and
              H.~J.~Aa.~Jensen},
   TITLE   = {A multiconfigurational self-consistent reaction field
              response method},
   JOURNAL = jcp,
   VOLUME  = 100,
   YEAR    = 1994,
   PAGES   = 6597}

@ARTICLE{kvmylhapjjcp100,
   AUTHOR  = {K.~V.~Mikkelsen and Y.~Luo and H.~{\AA}gren and
              P.~J{\o}rgensen},
   TITLE   = {Solvent induced polarizabilities and
              hyperpolarizabilities of para-nitroaniline studied by
              reaction field linear response theory},
   JOURNAL = jcp,
   VOLUME  = 100,
   YEAR    = 1994,
   PAGES   = 8240}

@ARTICLE{kvmachahjajjcp103,
   AUTHOR  = {K.~V.~Mikkelsen and A.~Cesar and H.~{\AA}gren and
              H.~J.~Aa.~Jensen},
   TITLE   = {Multiconfigurational self-consistent reaction
              field-theory for nonequilibrium solvation},
   JOURNAL = jcp,
   VOLUME  = 103,
   YEAR    = 1995,
   PAGES   = 9010}

@ARTICLE{kvmpjkrthjcp106,
   AUTHOR  = {K.~V.~Mikkelsen and P.~J{\o}rgensen and K.~Ruud and
              T.~Helgaker},
   TITLE   = {A Multipole Reaction Field Model for Gauge Origin
              Independent Magnetic Properties of Solvated Molecules},
   JOURNAL = jcp,
   VOLUME  = 106,
   YEAR    = 1997,
   PAGES   = 1170}

@ARTICLE{Moller34,
   AUTHOR  = {C. M{\o}ller and M. S. Plesset},
   JOURNAL = pr,
   VOLUME  = 46,
   YEAR    = 1934,
   PAGES   = 618}

@ARTICLE{admgscjcp72,
        AUTHOR = {A.~D.~McLean and G.~S.~Chandler},
        JOURNAL = jcp ,
        VOLUME = 72 ,
        YEAR = 1980 ,
        PAGES = 5639 }

@ARTICLE{emhfsjcp83,
        AUTHOR  = {E.~Magnusson and H.~F.~Schaefer},
        JOURNAL = jcp,
        VOLUME  = 83 ,
        YEAR    = 1985 ,
        PAGES   = 5721 }

@Article{tmakwtdhmp96,
  author =   {T.~{\mbox van Mourik} and A.~K.~Wilson and
              T.~H.~{\mbox Dunning Jr.}},
  journal =  mp ,
  year =     1999 ,
  volume =   96 ,
  pages =    529 }

@Article{tmthdijqc76,
  author =   {T.~{\mbox van Mourik} and T.~H.~{\mbox Dunning Jr.}},
  journal =  ijqc ,
  year =     2000 ,
  volume =   76 ,
  pages =    205 }

@Article{melomaldojcp12,
  author =   {J.I.~{\mbox Melo} and A.F.~{\mbox Maldonado} and G.A.~{\mbox Aucar}},
  TITLE   = {{Relativistic effects on nuclear magnetic shieldings of CH$_n$X$_{4−n}$
and CHXYZ (X, Y, Z = H, F, Cl, Br, I)}},
  journal =  jcp  ,
  year =     2012 ,
  volume =   137 ,
  pages =    214319 }

@Article{melomaldotca11,
  author =   {J.I.~{\mbox Melo} and A. F.~{\mbox Maldonado} and G.A.~{\mbox Aucar}},
  journal =  tca  ,
  year =     2011 ,
  volume =   129 ,
  pages =    483 }

@Article{melojcp03,
  author =   {J.I.~{\mbox Melo} and M.C.~{\mbox Ruiz de Azua} and C.G.~{\mbox Giribet} and G.A.~{\mbox Aucar} and R.H.~{\mbox Romero} },
  TITLE   = {Relativistic effects on the nuclear magnetic shielding tensor},
  journal =  jcp  ,
  year =     2003 ,
  volume =   118 ,
  pages =    471 }


%
% *****
% * N *
% *****
%
@ARTICLE{pndjovhacpl242,
   AUTHOR  = {P.~Norman and D.~Jonsson and O.~Vahtras and
              H.~{\AA}gren},
   TITLE   = {Cubic response functions in the random phase
              approximation},
   JOURNAL = cpl,
   VOLUME  = 242,
   YEAR    = 1995,
   PAGES   = 7}

@Article{esnpjjodjcp73,
  author =   {E.~S.~Nielsen and P.~J{\o}rgensen and J.~Oddershede},
  title =    {},
  journal =  jcp,
  year =     {1980},
  volume =   {73},
  pages =    {6238}
}

@ARTICLE{pndjhapdkrthhkcpl253,
   AUTHOR  = {P.~Norman and D.~Jonsson and H.~{\AA}gren and P.~Dahle
              and K.~Ruud and T.~Helgaker and H.~Koch},
   TITLE   = {Efficient parallel implementation of response theory:
              {C}alculations of the second hyperpolarizability of
              polyacenes},
   JOURNAL = cpl,
   VOLUME  = 253,
   YEAR    = 1996,
   PAGES   = 1}

@Article{pndmbhjajjojcp115,
author = {Patrick Norman and David M. Bishop and Hans J\o rgen Aa.
Jensen and Jens Oddershede},
title = {Near-resonant absorption in the time-dependent self-consistent
field and multiconfigurational self-consistent field approximations},
year = {2001},
journal = {The Journal of Chemical Physics},
volume = {115},
number = {22},
pages = {10323-10334},
keywords = {organic compounds; hydrogen compounds; SCF calculations;
polarisability; nonlinear optics},
url = {http://link.aip.org/link/?JCP/115/10323/1},
doi = {10.1063/1.1415081}
}

@article{pndmbhjajjojcp123,
author = {Patrick Norman and David M. Bishop and Hans J{\o}rgen Aa. Jensen
and Jens Oddershede},
title = {Nonlinear response theory with relaxation: The first-order
hyperpolarizability},
year = {2005},
journal = jcp,
volume = {123},
number = {19},
eid = {194103},
numpages = {18},
pages = {194103},
keywords = {organic compounds; lithium compounds; Kerr electro-optical
effect; polarisability; optical harmonic generation; electric moments},
url = {http://link.aip.org/link/?JCP/123/194103/1},
doi = {10.1063/1.2107627}
}

@Article{pnkrthjcp120,
  author =   {P.~Norman and K.~Ruud and T.~Helgaker},
  journal =  jcp,
  year =     {2004},
  volume =   {120},
  pages =    {5027}
}

%
% *****
% * O *
% *****
%
@ARTICLE{jopjjcp82,
   AUTHOR  = {J.~Olsen and P.~J{\o}rgensen},
   TITLE   = {Linear and nonlinear response functions for an exact
              state and for an {MCSCF} state},
   JOURNAL = jcp,
   VOLUME  = 82,
   YEAR    = 1985,
   PAGES   = 3235}

@Article{jopjdycpr2,
  author =   {J.~Oddershede and P.~J{\o}rgensen and D.~Yeager},
  title =    {},
  journal =  {Comput.~Phys.~Rep.},
  year =     {1984},
  volume =   {2},
  pages =    {33}
}

@ARTICLE{jodlypjjcp91,
   AUTHOR  = {J.~Olsen and D.~L.~Yeager and P.~J{\o}rgensen},
   TITLE   = {Triplet excitation properties in large scale
              multiconfigurational linear response calculations},
   JOURNAL = jcp,
   VOLUME  = 91,
   YEAR    = 1989,
   PAGES   = 381}

@ARTICLE{joklbkrthpjtca90,
   AUTHOR  = {J.~Olsen and K.~L.~Bak and K.~Ruud and T.~Helgaker and
              P.~J{\o}rgensen},
   TITLE   = {Orbital Connections for Perturbation Dependent Basis
              Sets},
   JOURNAL = tca,
   VOLUME  = 90,
   YEAR    = 1995,
   PAGES   = 421}

@article{olsen90,
  author  = "J. Olsen and P. J{\o}rgensen and J. Simons",
  title   = "{Passing the one-billion limit in full configuration-interaction (FCI) calculations}",
  journal = cpl,
  volume  = 169,
  pages   = 463,
  year    = 1990}


@article{pescf,
  author = {J.~M.~Olsen and K.~Aidas and J.~Kongsted},
  title = {{Excited States in Solution through Polarizable Embedding}},
  journal = jctc,
  volume = {6},
  year = {2010},
  pages = {3721}}

@article{pemodel1,
title={{Molecular Properties through Polarizable Embedding}},
  author={J.~M.~H.~Olsen and J.~Kongsted},
  journal={Adv. Quantum Chem.},
  volume={61},
  pages={107},
  year={2011}}

@phdthesis{pemodel2,
  author = {J.~M.~H.~Olsen},
  title = {{Development of Quantum Chemical Methods towards Rationalization and Optimal Design of Photoactive Proteins}},
  note = {DOI: 10.6084/m9.figshare.156852},
  month = {November},
  year= {2012},
  school =  {{University of Southern Denmark}},
  address = {Odense, Denmark}}

@misc{pelib,
  author = {J\'{o}gvan Magnus Haugaard Olsen},
  title = {{The polarizable embedding (PE) library (version 1.2)}},
  year = {2014}
}

%
% *****
% * P *
% *****
%
@article{mjpekdtehjajjojcp,
author = {Martin J. Packer and Erik K. Dalskov and Thomas Enevoldsen and
Hans J{\o}rgen Aa. Jensen and Jens Oddershede},
title = {A new implementation of the second-order polarization
propagator approximation (SOPPA): The excitation spectra of benzene and
naphthalene},
year = {1996},
journal = {The Journal of Chemical Physics},
volume = {105},
number = {14},
pages = {5886-5900},
keywords = {BENZENE; NAPHTHALENE; ABSORPTION SPECTROSCOPY; EXCITED
STATES; POLARIZATION; PROPAGATOR; OSCILLATOR STRENGTHS; TRIPLETS;
PERTURBATION THEORY},
url = {http://link.aip.org/link/?JCP/105/5886/1},
doi = {10.1063/1.472430}
}


@Article{mjgppbthdjtjcp128,
  author =   {M. J. G. Peach and P. Benfield and T. Helgaker and D. J.  Tozer},
  title  =   {Excitation energies in density functional theory: An evaluation and a diagnostic test},
  journal =  jcp,
  year =     {2008},
  volume =   {128},
  pages =    {044118}
}

@Article{mptskrarjcp121,
  author =   {M.~Pecul and T.~Saue and K.~Ruud and A.~Rizzo},
  title  =   {Electric field effects on the shielding constants of noble
gases: A four-component relativistic Hartree-Fock study},
  journal =  jcp,
  year =     {2004},
  volume =   {121},
  pages =    {3051}
}

@article{pecpp,
  author = {M.~N.~Pedersen and E.~D.~Hedeg\aa{}rd and J.~M.~H.~Olsen and J.~Kauczor and P.~Norman and J.~Kongsted},
  title = {{Damped Response Theory in Combination with Polarizable Environments: The Polarizable Embedding Complex Polarization Propagator Method}},
  journal = jctc,
  volume = {10},
  year = {2014},
  pages = {1164}}

@ARTICLE{tbpaehcpl246,
   AUTHOR  = {T.~B.~Pedersen and Aa.~E.~Hansen},
   TITLE   = {{\it Ab initio} calculation and display of the
              rotatory strength tensor in the random phase approximation:
              Method and model studies},
   JOURNAL = cpl,
   VOLUME  = 246,
   YEAR    = 1995,
   PAGES   = {1-8}
}

@ARTICLE{chorsp,
   AUTHOR  = {T.~B.~Pedersen and A.~M.~J.~S{\'a}nchez~de~Mer{\'a}s
          and H.~Koch},
   TITLE   = {Polarizability and optical rotation calculated from
          the approximate coupled cluster singles and doubles
          CC2 linear response theory using Cholesky decompositions},
   JOURNAL = jcp,
   VOLUME  = 120,
   YEAR    = 2004,
   PAGES   = {8887}
}

@Article{optphavckrcp260,
  author =   {O.~Plashkevych and T.~Privalov and H.~{\AA}gren and
                  V.~Carravetta and K.~Ruud},
  title =    {On the validity of the equivalent cores
                  approximation for computing X-ray photoemission and
                  photoabsorption spectral bands},
  journal =  cp,
  year =     {2000},
  volume =   {260},
  pages =    {11}
}

@Article{rmpnmwijqc40,
  author =   {R.~M.~Pitzer and N.~M.~Pitzer},
  title =        {},
  journal =  ijqc,
  year =     {1991},
  volume =   {40},
  pages =    {773}
}

@Article{Pedersen:ORMVE,
  author =   {T.~B.~Pedersen and H.~Koch and L.~Boman and
              {A.~M.~J.~S{\'a}nchez~de~Mer{\'a}s}},
  title =    {Origin invariant calculation of optical rotation without
                  recourse to {L}ondon orbitals},
  journal =  cpl,
  year =     {2004},
  volume =   {393},
  pages =    {319}
}

@Article{tbphkkrjcp110,
  author =   {T.~B.~Pedersen and H.~Koch and K.~Ruud},
  title =    {Coupled cluster response calculation of natural
                  chiroptical spectra},
  journal =  jcp,
  year =     {1999},
  volume =   {110},
  pages =    {2883}
}

@ARTICLE{ipcpl245,
   AUTHOR  = {I.~Panas},
   TITLE   = {Aspects of density functional theory in {\it{ab initio}}
              quantum chemistry: external correlation for free},
   JOURNAL = cpl,
   VOLUME  = 245,
   YEAR    = 1995,
   PAGES   = 171}

@Article{mpkrthcpl388,
  author =   {M.~Pecul and K.~Ruud and T.~Helgaker},
  journal =  cpl,
  year =     {2004},
  volume =   {388},
  pages =    {110}
}

@ARTICLE{cppyahbsmjfjcc17,
   AUTHOR  = {C.~Peng and P.~Y.~Ayala and H.~B.~Schlegel and
              M.~J.~Frisch},
   TITLE   = {Using redundant internal coordinates to optimize
              equilibrium geometries and transition states},
   JOURNAL = jcc,
   VOLUME  = 17,
   YEAR    = 1996,
   PAGES   = 49}

@ARTICLE{placzek,
   AUTHOR  = {G.~Placzek},
   JOURNAL = {Handbuch der Radiologie},
   VOLUME  = {6(2)},
   YEAR    = 1934,
   PAGES   = 205}

@ARTICLE{plpmp91,
   AUTHOR  = {P.~L.~Polavarapu},
   TITLE   = {{\it{Ab initio}} molecular optical rotations and
              absolute configurations},
   JOURNAL = mp,
   VOLUME  = 91,
   YEAR    = 1997,
   PAGES   = 551}

@ARTICLE{plpdkckrcpl319,
   AUTHOR  = {P.~L.~Polavarapu and D.~K.Chakraborty and K.~Ruud},
   TITLE   = {Molecular optical rotations: an evaluation of
              semiempirical models},
   JOURNAL = cpl,
   VOLUME  = 319,
   YEAR    = 2000,
   PAGES   = 595}

@ARTICLE{ppgfjcp96,
   AUTHOR  = {P.~Pulay and G.~Fogarasi},
   TITLE   = {Geometry optimization in redundant internal coordinates},
   JOURNAL = jcp,
   VOLUME  = 96,
   YEAR    = 1992,
   PAGES   = 2856}

@ARTICLE{Purvis82,
   AUTHOR  = {G. D. Purvis and R. J. Bartlett},
   JOURNAL = jcp,
   VOLUME  = 76,
   YEAR    = 1982,
   PAGES   = 1910}

@ARTICLE{wjpbalwjhrfsic19,
        AUTHOR = {W.~J.~Pietro and B.~A.~Levy and W.~J.~Hehre and
                  R.~F.~Stewart},
        JOURNAL = ic ,
        VOLUME = 19 ,
        YEAR = 1980 ,
        PAGES = 2225 }

@ARTICLE{wjpwjhjcc4,
        AUTHOR = {W.~J.~Pietro and W.~J.~Hehre},
        JOURNAL = jcc ,
        VOLUME = 4 ,
        YEAR = 1983 ,
        PAGES = 241 }

@ARTICLE{wjpmmfwjhdjdjapjsbjacs104,
        AUTHOR = {W.~J.~Pietro and M.~M.~Francl and W.~J.~Hehre and
                  D.~J.~Defrees and J.~A.~Pople and J.~S.~Binkley},
        JOURNAL = jacs ,
        VOLUME = 104 ,
        YEAR = 1982 ,
        PAGES = 5039 }

@ARTICLE{kapthdjcp117,
        AUTHOR = {K.~A.~Peterson and T.~H.~{\mbox Dunning Jr.}},
        JOURNAL = jcp ,
        VOLUME = 117 ,
        YEAR = 2002 ,
        PAGES = 10548 }

@ARTICLE{kpbdpowbortca90,
  author =       {K.~Pierloot and B.~Dumez and P.~O.~Widmark and B.~O.~Roos},
  journal =      tca ,
  year =         1995 ,
  volume =       90 ,
  pages =        87 }

@ARTICLE{pfpgaaspasjcp115,
        AUTHOR = {P.~F.~Provasi and G.~A.~Aucar and S.~P.~A.~Sauer},
        JOURNAL = jcp ,
        VOLUME = 115 ,
        YEAR = 2001 ,
        PAGES = 1324 }

%
% *****
% * Q *
% *****
%

%
% *****
% * R *
% *****
%
@ARTICLE{Raghavachari89,
   AUTHOR  = {K. Raghavachari and G. W. Trucks and J. A. Pople
              and M. Head-Gordon},
   TITLE   = {A 5th-order perturbation comparison of electron
              correlation theories},
   JOURNAL = cpl,
   YEAR    = 1989,
   VOLUME  = 157,
   PAGES   = 479}

@ARTICLE{wtrrrmp37,
   AUTHOR  = {W.~T.~Raynes and R.~Ratcliffe},
   JOURNAL = mp,
   VOLUME  = 37,
   YEAR    = 1979,
   PAGES   = 571}

@ARTICLE{arthkrabmjpjjcp102,
   AUTHOR  = {A.~Rizzo and T.~Helgaker and K.~Ruud and A.~Barszczewicz
              and M.~Jaszu\'{n}ski and P.~J{\o}rgensen},
   TITLE   = {Electric field dependence of magnetic properties:
              {M}ulticonfigurational self-consistent field
              calculations of hypermagnetizabilities and shielding
              polarizabilities},
   JOURNAL = jcp,
   VOLUME  = 102,
   YEAR    = 1995,
   PAGES   = 8953}

@article{Rizzo:TPACD,
 author = {Antonio~Rizzo and Branislav~Jans\'ik and Thomas~\mbox{Bondo
Pedersen} and Hans~{\AA}gren},
 title = {Origin independent approaches to the calculation of two-photon
circular dichroism.},
 journal = "J. Chem. Phys.",
 volume  = 125,
 pages   = "064113",
 year    = 2006}

@ARTICLE{VRML,
   AUTHOR  = {A.~J.~Robinson},
   TITLE   = {VRML, chemistry and the web -- a new reality},
   JOURNAL = cdan,
   VOLUME  = 10,
   YEAR    = 1995,
   PAGES   = 50}

@ARTICLE{jrtsvmjcp58,
   AUTHOR  = {J.~Rose and T.~Shibuya and V.~McKoy},
   JOURNAL = jcp,
   VOLUME  = 58,
   YEAR    = 1973,
   PAGES   = 74}

@ARTICLE{krthklbpjhjajjcp99,
   AUTHOR  = {K.~Ruud and T.~Helgaker and K.~L.~Bak and
              P.~J{\o}rgensen and H.~J.~Aa.~Jensen},
   TITLE   = {{H}artree--{F}ock limit magnetizabilities from {L}ondon
              orbitals},
   JOURNAL = jcp,
   VOLUME  = 99,
   YEAR    = 1993,
   PAGES   = 3847}

@ARTICLE{krthpjklbcpl223,
   AUTHOR  = {K.~Ruud and T.~Helgaker and P.~J{\o}rgensen and
              K.~L.~Bak},
   TITLE   = {Theoretical calculations of the magnetizability of some
              small fluorine-containing molecules using {L}ondon
              atomic orbitals},
   JOURNAL = cpl,
   VOLUME  = 223,
   YEAR    = 1994,
   PAGES   = 12}

@ARTICLE{krthklbpjcpl226,
   AUTHOR  = {K.~Ruud and T.~Helgaker and P.~J{\o}rgensen and
              K.~L.~Bak},
   TITLE   = {An {\it{ab initio}} Nuclear Magnetic Resonance spectrum
              of vinyllithium},
   JOURNAL = cpl,
   VOLUME  = 226,
   YEAR    = 1994,
   PAGES   = 1}

@ARTICLE{krthrkpjklbhjajjcp100,
   AUTHOR  = {K.~Ruud and T.~Helgaker and R.~Kobayashi and
              P.~J{\o}rgensen and K.~L.~Bak and H.~J.~Aa.~Jensen},
   TITLE   = {Multiconfigurational Self Consistent Field ({MCSCF})
              calculations of nuclear shieldings using {L}ondon atomic
              orbitals},
   JOURNAL = jcp,
   VOLUME  = 100,
   YEAR    = 1994,
   PAGES   = 8178}

@ARTICLE{krhsthklbpjjacs116,
   AUTHOR  = {K.~Ruud and H.~Skaane and T.~Helgaker and K.~L.~Bak and
              P.~J{\o}rgensen},
   TITLE   = {Magnetizability of hydrocarbons},
   JOURNAL = jacs,
   VOLUME  = 116,
   YEAR    = 1994,
   PAGES   = 10135}

@ARTICLE{krthklbpjjocp195,
   AUTHOR  = {K.~Ruud and T.~Helgaker and K.~L.~Bak and
              P.~J{\o}rgensen and J.~Olsen},
   TITLE   = {Accurate magnetizabilities of the isoelectronic series
              {BeH$^{-}$}, {BH} and {CH$^{+}$}. The {MCSCF-GIAO}
              approach},
   JOURNAL = cp,
   VOLUME  = 195,
   YEAR    = 1995,
   PAGES   = 157}

@ARTICLE{krthjopjklbcpl235,
   AUTHOR  = {K.~Ruud and T.~Helgaker and J.~Olsen and P.~J{\o}rgensen
              and K.~L.~Bak},
   TITLE   = {A numerically stable orbital connection for the
              calculation of analytical {H}essians using perturbation
              dependent basis sets},
   JOURNAL = cpl,
   VOLUME  = 235,
   YEAR    = 1995,
   PAGES   = 47}

@ARTICLE{krthcpl264,
   AUTHOR  = {K.~Ruud and T.~Helgaker},
   TITLE   = {The magnetizability, rotational g tensor, and quadrupole
              moment of {PF$_{3}$} revisited},
   JOURNAL = cpl,
   VOLUME  = 264,
   YEAR    = 1997,
   PAGES   = 17}

@ARTICLE{krdjpnhatshjajpdthjcp108,
   AUTHOR  = {K.~Ruud and D.~Jonsson and P.~Norman and H.~{\AA}gren
              and T.~Saue and H.~J.~Aa.~Jensen and P.~Dahle and
              T.~Helgaker},
   TITLE   = {Generalized integral-screening for efficient
              calculations of nonlinear optical properties of
              large molecules},
   JOURNAL = jcp,
   VOLUME  = 108,
   YEAR    = 1998,
   PAGES   = 7973}

@ARTICLE{krtheujms393,
        AUTHOR = {K.~Ruud and T.~Helgaker and E.~Uggerud},
        KEY = {Mechanisms, energetics and dynamics of a key reaction
               sequence during the decomposition of nitromethane: HNO +
               HNO -> N2O + H2O},
        JOURNAL = {J.~Mol.~Struct. (THEOCHEM)},
        VOLUME = 393 ,
        YEAR = 1997 ,
        PAGES = 59 }

@ARTICLE{krpoaprtjcp112,
   AUTHOR  = {K.~Ruud and {\mbox{P.-O.}}~{\AA}strand and P.~R.~Taylor},
   TITLE   = {An efficient approach for calculating vibrational wave
              functions and zero-point vibrational corrections to
              molecular properites of polyatomic molecules},
   JOURNAL = jcp,
   VOLUME  = 112,
   YEAR    = 2000,
   PAGES   = 2668}

@ARTICLE{krpoaprtjacs123,
   AUTHOR  = {K.~Ruud and {\mbox{P.-O.}}~{\AA}strand and P.~R.~Taylor},
   TITLE   = {Zero-point vibrational effects on proton shieldings:
              Functional-group contributions from {\it{ab initio}}
              calculations},
   JOURNAL = jacs,
   VOLUME  = 123,
   YEAR    = 2001,
   PAGES   = 4826}

@Misc{krjljv,
  author =   {K.~Ruud and J.~Lounila and J.~Vaara},
  title =    {Temperature- and isotope-effects on nuclear magnetic
                  shielding constants in polyatomic molecules},
  note =     {To be submitted}
}

@ARTICLE{vrjapmrtlwjcp109,
        AUTHOR = {V.~Rassolov and J.~A.~Pople and M.~Ratner and T.~L.~Windus},
        JOURNAL = jcp ,
        VOLUME = 109 ,
        YEAR = 1998 ,
        PAGES = 1223 }

%
% *****
% * S *
% *****
%
@ARTICLE{spascpl260,
   AUTHOR  = {S.~P.~A.~Sauer},
   TITLE   = {Theoretical estimates of the rotational g-factor,
              magnetizability and electric dipole moment of {GaH}},
   JOURNAL = cpl,
   VOLUME  = 260,
   YEAR    = 1996,
   PAGES   = 271}

@Article{ccmswkthcpc149,
  author =   {C.~C.~M.~Samson and W.~Klopper and T.~Helgaker},
  journal =      cpc,
  year =     {2002},
  volume =   {149},
  pages =    {1}
}

@ARTICLE{aschrajcp100,
        AUTHOR = {A.~Sch\"{a}fer and C.~Huber and R.~Ahlrichs},
        KEY = {Fully optimized contracted Gaussian basis sets of
               triple zeta valence quality for atoms Li to Kr.},
        JOURNAL = jcp ,
        VOLUME = 100 ,
        YEAR = 1994 ,
        PAGES = 5829 }

@ARTICLE{ashhrajcp97,
   AUTHOR  = {A.~Sch\"{a}fer and H.~Horn and R.~Ahlrichs},
   TITLE   = {Fully optimized contracted {G}aussian basis sets for
              atoms {Li} to {Kr}},
   JOURNAL = jcp,
   VOLUME  = 97,
   YEAR    = 1992,
   PAGES   = 2571}

@ARTICLE{Schlegel,
   AUTHOR  = {H.~B.~Schlegel},
   TITLE   = {Optimization of equilibrium geometries and transition
              structures},
   JOURNAL = jcc,
   VOLUME  = 3,
   YEAR    = 1982,
   PAGES   = 214}

@ARTICLE{hsijqc30,
   AUTHOR  = {H.~Sellers},
   JOURNAL = ijqc,
   VOLUME  = 30,
   YEAR    = 1986,
   PAGES   = 433}

@ARTICLE{tsjrvmjcp58,
   AUTHOR  = {T.~Shibuya and J.~Rose and V.~McKoy},
   JOURNAL = jcp,
   VOLUME  = 58,
   YEAR    = 1973,
   PAGES   = 500}

@ARTICLE{pemsjaahborjcp74,
   AUTHOR  = {P.~E.~M.~Siegbahn and J.~Alml\"{o}f and A.~Heiberg
              and B.~O.~Roos},
   TITLE   = {The complete active space {SCF} ({CASSCF}) method in a
              {N}ewton-{R}aphson formulation with application to the
              {HNO} molecule},
   JOURNAL = jcp,
   VOLUME  = 74,
   YEAR    = 1981,
   PAGES   = 2384}

@article{pecc,
   author = {K.~Sneskov and T.~Schwabe and J.~Kongsted and O.~Christiansen},
   title = {The polarizable embedding coupled cluster method},
   journal = jcp,
   volume = {134},
   pages = {104108},
   year = {2011}}

@ARTICLE{jsdhszna46,
   AUTHOR  = {J.~Spiekermann and D.~H.~Sutter},
   TITLE   = {Molecular g-Values, Magnetic Susceptibility
              Anisotropies, Second Moments of the Electronic Charge
              Distribution , Molecular Electric Quadrupole Moment,
              and {$^{14}$N} Nuclear Quadrupole Coupling of
              Nitroethylene, {CH$_{2}$CHNO$_{2}$}},
   JOURNAL = {Z.~Naturforsch. {\bf A}},
   VOLUME  = 46,
   YEAR    = 1991,
   PAGES   = 715}

@ARTICLE{rsgmtjdwrjbjcp106,
   AUTHOR  = {R.~Steckler and G.~M.~Thurman and J.~D.~Watts and
              R.~J.~Bartlett},
   TITLE   = {{\it{Ab initio}} direct dynamics study of {OH + HCL
              $\rightarrow$ Cl + H$_{2}$O}},
   JOURNAL = jcp,
   VOLUME  = 106,
   YEAR    = 1997,
   PAGES   = 3926}

@ARTICLE{ajstca79,
        AUTHOR = {A.~J.~Sadlej},
        JOURNAL = tca ,
        VOLUME = 79 ,
        YEAR = 1991 ,
        PAGES = 123 }

@ARTICLE{ajstca81,
        AUTHOR = {A.~J.~Sadlej},
        JOURNAL = tca ,
        VOLUME = 81 ,
        YEAR = 1992 ,
        PAGES = 45 }

@ARTICLE{ajstca81-2,
        AUTHOR = {A.~J.~Sadlej},
        JOURNAL = tca ,
        VOLUME = 81 ,
        YEAR = 1992 ,
        PAGES = 339 }

@ARTICLE{ajsmujmst234,
        AUTHOR = {A.~J.~Sadlej and M.~Urban},
        JOURNAL = jmstheo ,
        VOLUME = 234 ,
        YEAR = 1991 ,
        PAGES = 147 }

@ARTICLE{mswkjcp76,
        AUTHOR = {M.~Schindler and W.~Kutzelnigg},
        JOURNAL = jcp ,
        VOLUME = 76 ,
        YEAR = 1982 ,
        PAGES = 1919 }

@article{pelao,
  author = {C.~Steinmann and J.~M.~H.~Olsen and J.~Kongsted},
  title = {{Nuclear Magnetic Shielding Constants from Quantum Mechanical/Molecular Mechanical Calculations Using Polarizable Embedding: Role of the Embedding Potential}},
  journal = jctc,
  volume = {10},
  year = {2014},
  pages = {981}}

%
% *****
% * T *
% *****
%
@ARTICLE{prttca69,
   AUTHOR  = {P.~R.~Taylor},
   TITLE   = {Symmetry-adapted integral derivatives},
   JOURNAL = tca,
   VOLUME  = 69,
   YEAR    = 1986,
   PAGES   = 447}

@Article{ytttsytykhjcp120,
  author =   {Y.~Tawada and T.~Tsuneda and S.~Yanagisawa and T.~Yanai and K.~Hirao},
  journal =      jcp,
  year =     {2004},
  volume =   {120},
  pages =    {8425}
}

@ARTICLE{htshjcc1,
        AUTHOR = {H.~Tatewaki and S.~Huzinaga},
        JOURNAL = jcc ,
        VOLUME = 1 ,
        YEAR = 1980 ,
        PAGES = 205 }
        
@article{thole_damp_1,
  title={Molecular polarizabilities calculated with a modified dipole interaction},
  author={Thole, B Th},
  journal=cp,
  volume={59},
  number={3},
  pages={341},
  year={1981}}

%
% *****
% * U *
% *****
%

%
% *****
% * V *
% *****
%
@ARTICLE{ovhapjhjajthjojcp96,
   AUTHOR  = {O.~Vahtras and H.~{\AA}gren and P.~J{\o}rgensen and
              H.~J.~Aa.~Jensen and T.~Helgaker and J.~Olsen},
   TITLE   = {Spin-orbit coupling constants in a multiconfigurational
              linear response approach},
   JOURNAL = jcp,
   VOLUME  = 96,
   YEAR    = 1992,
   PAGES   = 2118}

@Article{jvkrovjcc20,
  author =       {J.~Vaara and K.~Ruud and O.~Vahtras},
  journal =      jcc,
  year =         {1999},
  title =        {Correlated Response Calculations of the Spin-Orbit
                  Interaction Contribution to Nuclear Spin-Spin
                  Couplings},
  volume =       {20},
  pages =        {1314}
}

@Article{jvkrovjcp111,
  author =       {J.~Vaara and K.~Ruud and O.~Vahtras},
  journal =      jcp,
  year =         {1999},
  title =        {Second- and third-order spin-orbit contributions to
                  nuclear shielding tensors},
  volume =       {111},
  pages =        {2900}
}

@ARTICLE{ovhapjhjajsbpthjcp96,
   AUTHOR  = {O.~Vahtras and H.~{\AA}gren and P.~J{\o}rgensen and
              H.~J.~Aa.~Jensen and S.~B.~Padkj{\ae}r and T.~Helgaker},
   TITLE   = {Indirect nuclear spin-spin coupling constants from
              multiconfigurational linear response theory},
   JOURNAL = jcp,
   VOLUME  = 96,
   YEAR    = 1992,
   PAGES   = 6120}

@ARTICLE{ovhapjhjajthjojcp97,
   AUTHOR  = {O.~Vahtras and H.~{\AA}gren and P.~J{\o}rgensen and
              H.~J.~Aa.~Jensen and T.~Helgaker and J.~Olsen},
   TITLE   = {Multiconfigurational quadratic response functions for
              singlet and triplet perturbations: the phosphoresence
              lifetime of formaldehyde},
   JOURNAL = jcp,
   VOLUME  = 97,
   YEAR    = 1992,
   PAGES   = 9178}

@ARTICLE{ovhahjajjcc15,
   AUTHOR  = {O.~Vahtras and H.~{\AA}gren and H.~J.~Aa.~Jensen},
   TITLE   = {Direct One-Index Transformations in
              Multiconfiguration Response Calculations},
   JOURNAL = jcc,
   VOLUME  = 15,
   YEAR    = 1994,
   PAGES   = 573}

%
% *****
% * W *
% *****
%
@ARTICLE{powpambortca77,
   AUTHOR  = {{\mbox{P.-O}}.~Widmark and
              {\mbox{P.-{\AA}}}.~Malmqvist and B.~O.~Roos},
   TITLE   = {Density matrix averaged atomic natural orbital ({ANO})
              basis sets for correlated molecular wave functions},
   JOURNAL = tca,
   VOLUME  = 77,
   YEAR    = 1990,
   PAGES   = 291}

@ARTICLE{powbjpbortca79,
   AUTHOR  = {{\mbox{P.-O}}.~Widmark and B.~J.~Persson and B.~O.~Roos},
   TITLE   = {},
   JOURNAL = tca,
   VOLUME  = 79,
   YEAR    = 1991,
   PAGES   = 419}

@ARTICLE{kwjfhppjacs112,
   AUTHOR  = {K.~Wolinski and J.~F.~Hinton and P.~Pulay},
   TITLE   = {Efficient Implementation of the Gauge-Independent Atomic
              Orbital Method for {NMR} Chemical Shift Calculations},
   JOURNAL = jacs,
   VOLUME  = 112,
   YEAR    = 1990,
   PAGES   = 8251}

@ARTICLE{dewthdjcp98,
   AUTHOR  = {D.~E.~Woon and T.~H.~{\mbox{Dunning Jr.}}},
   TITLE   = {{G}aussian basis sets for use in correlated molecular
              calculations. {III.} {T}he atoms aluminium through argon},
   JOURNAL = jcp,
   VOLUME  = 98,
   YEAR    = 1993,
   PAGES   = 1358}

@ARTICLE{dewthdjcp100,
   AUTHOR  = {D.~E.~Woon and T.~H.~{\mbox{Dunning Jr.}}},
   TITLE   = {{G}aussian basis sets for use in correlated molecular
              calculations. {IV.} {C}alculation of static electrical
              response properties},
   JOURNAL = jcp,
   VOLUME  = 100,
   YEAR    = 1994,
   PAGES   = 2975}

@ARTICLE{dewthdjcp103,
        AUTHOR = {D.~E.~Woon and T.~H.~{\mbox Dunning Jr.}},
        JOURNAL = jcp ,
        VOLUME = 103 ,
        YEAR = 1995 ,
        PAGES = 4572 }

@Article{akwdewkapthdjcp110,
  author =   {A.~K.~Wilson and D.~E.~Woon and K.~A.~Peterson
              and T.~H.~{\mbox Dunning Jr.}},
  journal =  jcp ,
  year =     1999 ,
  volume =   110 ,
  pages =    7667 }

@Article{akwtvmthdjsm388,
  author =   {A.~K.~Wilson and T.~{\mbox van Mourik} and
              T.~H.~{\mbox Dunning Jr.}},
  journal =  jmstheo ,
  year =     1997 ,
  volume =   388 ,
  pages =    339 }

@ARTICLE{ajhwjcp52,
        AUTHOR = {A.~J.~H.~Wachters},
        JOURNAL = jcp ,
        VOLUME = 52 ,
        YEAR = 1970 ,
        PAGES = 1033 }

@TECHREPORT{wachterintern1969,
        AUTHOR  = {A.~J.~H.~Wachters},
        TITLE   = "RJ584" ,
        INSTITUTION = "IBM Technical Report" ,
        YEAR    = 1971 }

%
% *****
% * X *
% *****
%

%
% *****
% * Y *
% *****
%

@Article{tydptnchcpl393,
  author =   {T.~Yanai and D.~P.~Tew and N.~C.~handy},
  journal =      cpl,
  year =     {2004},
  volume =   {393},
  pages =    {51}
}

%
% *****
% * Z *
% *****
%

@Article{gzwhjpca108,
  author =   {G.~Zuber and W.~Hug},
  journal =      jpca,
  year =     {2004},
  volume =   {108},
  pages =    {2108}
}

%
% *******
% * ��� *
% *******
%
@ARTICLE{haovhkpjthjcp98,
   AUTHOR  = {H.~{\AA}gren and O.~Vahtras and H.~Koch and
              P.~J{\o}rgensen and T.~Helgaker},
   TITLE   = {Direct atomic orbital based self-consistent-field
              calculations of nonlinear molecular properties -
              Application to the frequency-dependent
              hyperpolarizability of para-nitroaniline},
   JOURNAL = jcp,
   VOLUME  = 98,
   YEAR    = 1993,
   PAGES   = 6417}

@ARTICLE{haovbmaqc27,
   AUTHOR  = {H.~{\AA}gren and O.~Vahtras and B.~Minaev},
   TITLE   = {Response theory and calculations of spin-orbit coupling
              phenomena in molecules},
   JOURNAL = aqc,
   VOLUME  = 27,
   PAGES   = 71,
   YEAR    = 1996}

@ARTICLE{poakvmkrthjpc100,
   AUTHOR  = {{\mbox{P.-O.}}~{\AA}strand and K.~V.~Mikkelsen and
              K.~Ruud and T.~Helgaker},
   TITLE   = {Magnetizabilities and nuclear shielding constants of
              the fluoromethanes in gas phase and solution},
   JOURNAL = jpc,
   VOLUME  = 100,
   YEAR    = 1996,
   PAGES   = 19771}

@ARTICLE{poakrkvmthjpca102,
   AUTHOR  = {{\mbox{P.-O.}}~{\AA}strand and K.~Ruud and
              K.~V.~Mikkelsen and T.~Helgaker},
   TITLE   = {Atomic charges of the water molecule and the water
              dimer},
   JOURNAL = jpca,
   VOLUME  = 102,
   YEAR    = 1998,
   PAGES   = 7686}

@ARTICLE{poakrprtjcp112,
   AUTHOR  = {{\mbox{P.-O.}}~{\AA}strand and K.~Ruud and P.~R.~Taylor},
   TITLE   = {Calculation of the vibrational wave function of
              polyatomic molecules},
   JOURNAL = jcp,
   VOLUME  = 112,
   YEAR    = 2000,
   PAGES   = 2655}

@ARTICLE{nevpt1,
   AUTHOR  = {C.~Angeli and R.~Cimiraglia and S.~Evangelisti
              and T.~Leininger and J.~P.~Malrieu},
   TITLE   = {Introduction of n--electron valence states for
                  multireference perturbation theory},
   JOURNAL = jcp,
   VOLUME  = 114,
   YEAR    = 2001,
   PAGES   = 10252}

@ARTICLE{nevpt2,
   AUTHOR  = {C.~Angeli and R.~Cimiraglia and J.~P.~Malrieu},
   TITLE   = {n--electron valence state perturbation theory: a fast
                  implementation of the strongly contracted variant},
   JOURNAL = cpl,
   VOLUME  = 350,
   YEAR    = 2001,
   PAGES   = 297}

@ARTICLE{nevpt3,
   AUTHOR  = {C.~Angeli and R.~Cimiraglia and J.~P.~Malrieu},
   TITLE   = {n--electron valence state perturbation theory: a
                  spinless formulation and an efficient implementation
                  of the strongly contracted and of the partially
                  contracted variants},
   JOURNAL = jcp,
   VOLUME  = 117,
   YEAR    = 2002,
   PAGES   = 9138}

@Unpublished{nevpt4,
  author =   {C.~Angeli and S.~Borini and R.~Cimiraglia},
  title =    {An application of second-order n-electron valence state perturbation
                  theory (NEVPT2) to the calculation of excited states},
  journal =  tcan,
  volume  =  111,
  year    =  2004,
  pages   = {352--357}
}

@ARTICLE{paololazz1,
   AUTHOR  = {P.~Lazzeretti and M.~Malagoli and R.~Zanasi},
   TITLE   = {Computational approach to molecular magnetic properties by continuous
              transformation of the origin of the current density},
   JOURNAL = cpl,
   VOLUME  = 220,
   YEAR    = 1994,
   PAGES   = 299}

@ARTICLE{paololazz2,
   AUTHOR  = {P.~Lazzeretti},
   TITLE   = {Ring Currents},
   JOURNAL = {Prog.~Nuc.~Magn.~Prop.~Spectr},
   VOLUME  = 36,
   YEAR    = 2000,
   PAGES   = {1--88}}

@ARTICLE{ctocd,
   AUTHOR  = {A.~Ligabue and S.~P.~A.~Sauer and P.~Lazzeretti},
   TITLE   = {Correlated and Gauge Inveariant Calculations of Nuclear Magnetic
              Shieldings Constants Using the {CTOCD-DZ} approach},
   JOURNAL = jcp,
   VOLUME  = 118,
   YEAR    = 2003,
   PAGES   = {6830--6845}}

@ARTICLE{soppaccsd,
   AUTHOR  = {S.~P.~A.~Sauer},
   TITLE   = {Second Order Polarization Propagator Approximation with Coupled Cluster
              Singles and Doubles Amplitudes - {SOPPA(CCSD)}: The Polarizability and
              Hyperpolarizability of {Li$^-$}},
   JOURNAL = jpbamp,
   VOLUME  = 30,
   YEAR    = 1997,
   PAGES   = {3773--3780}}

@ARTICLE{numder,
   AUTHOR  = {T.~A.~Ruden and P.~R.~Taylor and T. Helgaker},
   TITLE   = {Automated calculation of fundamental frequencies: application to {AlH$_3$} using the {CCSD(T)} method},
   JOURNAL = jcp,
   VOLUME  = 119,
   YEAR    = 2003,
   PAGES   = {1951--1960}}

@ARTICLE{trarot,
   AUTHOR  = {T. Helgaker},
   TITLE   = {Translational and rotational symmetries of molecular geometrical derivatives},
   JOURNAL = {Acta Chem. Scand.},
   VOLUME  = "A42",
   YEAR    = 1988,
   PAGES   = {515--518}}

@Article{pmpljvkrjcp119,
   author =      {P.~Manninen and P.~Lantto and J.~Vaara and K.~Ruud},
   journal =     jcp,
   year =    2003,
   title =   {Perturbational ab initio calculations of relativistic contributions to nuclear magnetic resonance shielding tensors},
   volume =      119,
   pages =   2623 }

@InBook{tarkr,
  author =   {T.~A.~Ruden and K.~Ruud},
  title =    {Quantum Chemical Calculation of NMR and EPR Parameters},
  chapter =      {Ro-vibrational corrections to NMR parameters},
  publisher =    {Wiley},
  year =     {2004},
  address =      {Weinheim},
  pages =    {153}
}



@Article{hskrpoajcp120,
  author =   {H.~Solheim and K.~Ruud and P.-O.~{\AA}strand},
  journal =      jcp,
  year =     {2004},
  volume =   {120},
  pages =    {10368}
}

% ---- 1858 ----
@article{spas097,
   AUTHOR    ="H.~Kj{\ae}r and S.~P.~A.~Sauer and J.~Kongsted",
   TITLE     ="{Benchmarking NMR indirect nuclear spin-spin
coupling constants: SOPPA, SOPPA(CC2) and SOPPA(CCSD)
versus CCSD}",
   JOURNAL   = jcp,
   VOLUME    ="133",
   PAGES     ="144106",
   YEAR      ="2010"}

% ---- 1668 ----
@article{spas058,
   AUTHOR    ="Barone, V. and Provasi, P. F. and Peralta,
J. E. and Snyder, J. P. and Sauer, S. P. A. and Contreras,
R. H.",
   TITLE     ="{Substituent Effects on Scalar
$^2$J($^{19}$F, $^{19}$F) and $^3$J($^{19}$F, $^{19}$F) NMR
Couplings: A Comparison of SOPPA and DFT Methods}",
   JOURNAL   ="J. Phys. Chem. A",
   VOLUME    ="107",
   PAGES     ="4748-4754",
   YEAR      ="2003"}
% ---- 1852 ----
@article{spas091,
   AUTHOR    ="Rusakov, Y. Yu. and Krivdin, L. B. and
Sauer, S. P. A. and Levanova, E. P. and Levkovskaya, G.
G.",
   TITLE     ="{Structural trends of $^{77}$Se-$^1$H
spin-spin coupling constants and conformational behavior of
2-substituted selenophenes}",
   JOURNAL   ="Magn. Reson. Chem.",
   VOLUME    ="48",
   PAGES     ="633-637",
   YEAR      ="2010"}
@article{spas096,
   AUTHOR    ="Provasi, P. F. and Sauer, S. P. A.",
   TITLE     ="{Optimized basis sets for the calculation of
indirect nuclear spin-spin coupling constants involving the
atoms B, Al, Si, P, and Cl}",
   JOURNAL   ="J. Chem. Phys.",
   VOLUME    ="133",
   PAGES     ="54308",
   YEAR      ="2010"}

% ---- 1766 ----
@article{nmr06-jctc2-1360,
   AUTHOR    ="Jensen, F.",
   TITLE     ="{The Basis Set Convergence of Spin-Spin
Coupling Constants Calculated by Density Functional
Methods}",
   JOURNAL   ="J. Chem. Theory Comput.",
   VOLUME    ="2",
   PAGES     ="1360-1369",
   YEAR      ="2006"}

@article{nmr08-jcp129-064111,
   AUTHOR    ="Benedikt, U. and Auer, A. A. and Jensen, F.",
   TITLE     ="{Optimization of augmentation functions for
correlated calculations of spin-spin coupling constants and
related properties}",
   JOURNAL   ="J. Chem. Phys.",
   VOLUME    ="129",
   PAGES     ="64111",
   YEAR      ="2008"}

@article{bs10-tca126-371,
   AUTHOR    ="Jensen, F.",
   TITLE     ="{The optimum contraction of basis sets for
calculating spin-spin coupling constants}",
   JOURNAL   ="Theo. Chem. Acc.",
   VOLUME    ="126",
   PAGES     ="371-382",
   YEAR      ="2010"}

@article{bs08-jctc4-719,
   AUTHOR    ="Jensen, F.",
   TITLE     ="{Basis set convergence of nuclear magnetic
shielding constants calculated by density functional
methods}",
   JOURNAL   ="J. Chem. Theory Comput.",
   VOLUME    ="4",
   PAGES     ="719-727",
   YEAR      ="2008"}
% ---- 1554 ----
@article{spas037,
   AUTHOR    ="Bak, K. L. and Koch, H. and Oddershede, J.
and Christiansen, O. and Sauer, S. P. A.",
   TITLE     ="{Atomic integral driven second order
polarization propagator calculations of the excitation
spectra of naphthalene and anthracene}",
   JOURNAL   ="J. Chem. Phys.",
   VOLUME    ="112",
   PAGES     ="4173-4185",
   YEAR      ="2000"}
% ---- 1835 ----
@article{spas089,
   AUTHOR    ="Falden, H. H. and Falster-Hansen, K. R. and
Bak, K. L. and Rettrup, S. and Sauer, S. P. A.",
   TITLE     ="{Benchmarking second order methods for the
calculation of vertical electronic excitation energies:
Valence and Rydberg states in polycyclic aromatic
hydrocarbons}",
   JOURNAL   ="J. Phys. Chem. A",
   VOLUME    ="113",
   PAGES     ="11995-12012",
   YEAR      ="2009"}
% ---- 1478 ----
@article{spas025,
   AUTHOR    ="Christiansen, O. and Bak, K. L. and Koch, H.
and Sauer, S. P. A.",
   TITLE     ="{A Second-order doubles correction to
excitation energies in the random phase approximation}",
   JOURNAL   ="Chem. Phys. Lett.",
   VOLUME    ="284",
   PAGES     ="47-62",
   YEAR      ="1998"}
% ---- 167 ----
@article{rv66ha,
   AUTHOR    ="Herman, R. M. and Asgharian, A.",
   TITLE     ="{Theory of Energy Shifts Associated with
Deviations from Born-Oppenheimer Behavior in
$^1\Sigma$-State Diatomic Molecules}",
   JOURNAL   ="J. Mol. Spectrosc.",
   VOLUME    ="19",
   PAGES     ="305-324",
   YEAR      ="1966"}
% ---- 1456 ----
@article{jfo98ho,
   AUTHOR    ="Herman, R. M. and Ogilvie, J. F.",
   TITLE     ="{An effective Hamiltonian to treat adiabatic
and nonadiabatic effects in the rotational and vibrational
spectra of diatomic molecules}",
   JOURNAL   ="Adv. Chem. Phys.",
   VOLUME    ="103",
   PAGES     ="187-215",
   YEAR      ="1998"}
% ---- 1750 ----
@article{spas063,
   AUTHOR    ="Bak, K. L. and Sauer, S. P. A. and
Oddershede, J. and Ogilvie, J. F.",
   TITLE     ="{The vibrational g factor of dihydrogen from
theoretical calculation and analysis of
vibration-rotational spectra}",
   JOURNAL   ="Phys. Chem. Chem. Phys.",
   VOLUME    ="7",
   PAGES     ="1747-1758",
   YEAR      ="2005"}
% ---- 1830 ----
@article{spas084,
   AUTHOR    ="Kj{\ae}r, H. and Sauer, S. P. A.",
   TITLE     ="{On the Relation between the Non-adiabatic
Vibrational Reduced Mass and the Electric Dipole Moment
Gradient of a Diatomic Molecule}",
   JOURNAL   ="Theo. Chem. Acc.",
   VOLUME    ="122",
   PAGES     ="137-143",
   YEAR      ="2009"}
% ---- 1789 ----
@article{spas073,
   AUTHOR    ="Ligabue, A. and Sauer, S. P. A. and
Lazzeretti, P.",
   TITLE     ="{Gauge invariant calculations of nuclear
magnetic shielding constants using the continuous
transformation of the origin of the current density
approach. II. Density functional and coupled cluster
theory}",
   JOURNAL   ="J. Chem. Phys.",
   VOLUME    ="126",
   PAGES     ="154111",
   YEAR      ="2007"}
% ---- 1813 ----
@article{spas079,
   AUTHOR    ="Sauer, S. P. A. and Provasi, P. F.",
   TITLE     ="The Anomalous Deuterium Isotope Effect in
the NMR spectrum of Methane: An Analysis in Localized
Molecular Orbitals",
   JOURNAL   ="ChemPhysChem",
   VOLUME    ="9",
   PAGES     ="1259-1261",
   YEAR      ="2008"}
% ---- 1832 ----
@article{spas086,
   AUTHOR    ="Provasi, P. F. and Sauer, S. P. A.",
   TITLE     ="Analysis of Isotope Effects in NMR One-bond
Indirect Nuclear Spin-spin Coupling Constants in Terms of
Localized Molecular Orbitals",
   JOURNAL   ="Phys. Chem. Chem. Phys.",
   VOLUME    ="11",
   PAGES     ="3987-3995",
   YEAR      ="2009"}

@ARTICLE{kauczor:2011,
  AUTHOR = "Kauczor, J. and J{\o}rgensen, P. and Norman, P.",
  TITLE = "{On the Efficiency of Algorithms for Solving Hartree-Fock and
          Kohn-Sham Response Equations}",
  YEAR = "2011",
  JOURNAL = "J. Chem. Theory Comput.",
  VOLUME = "7",
  PAGES = "1610-1630"}

@ARTICLE{ziolkowski2009,
  AUTHOR = "Zi{\'o}{\l}kowski, M. and Jansik, B. and J{\o}rgensen, P. 
           and Olsen, J.",
  TITLE = "Maximum locality in occupied and virtual orbital spaces using
           a least-change strategy",
  YEAR = "2009",
  JOURNAL = "J. Chem. Phys.",
  VOLUME = "131",
  PAGES = "124112"}

@ARTICLE{aquilante2006,
  AUTHOR = "F.~Aquilante and T.~B.~Pedersen and 
          A.~M.~J.~S{\'a}nchez~de~Mer{\'a}s and H.~Koch",
  TITLE = "Fast noniterative orbital localization for large molecules",
  YEAR = "2006",
  JOURNAL = "J. Chem. Phys.",
  VOLUME = "125",
  PAGES = "174101"}

@ARTICLE{Coriani:JCTC8,
   AUTHOR  = {S.~Coriani and T.~Fransson and O.~Christiansen
              and O.~Christiansen},
   TITLE   = {{A}symmetric-{L}anczos-Chain-Driven Implementation of Electronic
Resonance Convergent {C}oupled-{C}luster Linear Response Theory},
   JOURNAL = jctc,
   VOLUME  = 8,
   YEAR    = 2012,
   PAGES   = 1616}

@ARTICLE{Coriani:PRA85,
   AUTHOR  = {S.~Coriani and O.~Christiansen and T.~Fransson and P.~Norman},
   TITLE   = {{C}oupled-Cluster response theory for near-edge x-ray-absorption fine structure
of atoms and molecules},
   JOURNAL = pra,
   VOLUME  = 85,
   YEAR    = 2012,
   PAGES   = 022507}

@ARTICLE{niskanencppc13,
    TITLE = {Hybrid density functional-molecular mechanics calculations for core-electron binding energies of glycine in water solution},
    AUTHOR = {J.~Niskanen
        and N.~A.~Murugan
        and Z.~Rinkevicius
        and O.~Vahtras
        and C.~Li
        and S.~Monti
        and V.~Carravetta
        and H.~{\AA}gren
        },
    JOURNAL = pccp,
    VOLUME = 15,
    PAGES = 244,
    YEAR = 2013
    }

@ARTICLE{luopra97,
    TITLE = {Title: Theory of natural circular dichroism in x-ray Raman scattering from molecules},
    AUTHOR = {Y.~Luo
        and O.~Vahtras
        and F.~Gel'mukhanov
        and H.~{\AA}gren
        },
    JOURNAL=pra,
    VOLUME=55,
    pages=2716,
    YEAR=1997
    }

@ARTICLE{vahtrasjpb97,
    TITLE = {Natural Circular Dichroism in non-resonant x-ray emission},
    AUTHOR = {
        O.~Vahtras
        and H.~{\AA}gren
        and V.~Carravetta
        },
    JOURNAL= jpbamop,
    VOLUME=30,
    PAGES=1493,
    YEAR=1997
    }

@ARTICLE{agrencpl94,
    TITLE = {Direct, atomic orbital, static exchange calculations of photoabsorption spectra of large molecules and clusters },
    AUTHOR = {
        H.~{\AA}gren
        and V.~Carravetta
        and O.~Vahtras
        and L.G.M.~Pettersson
        },
    JOURNAL=cpl,
    VOLUME=222,
    PAGES=75,
    YEAR=1994
    }
    
        
@ARTICLE{rinkeviciusjctc08,
    TITLE = {Degenerate Perturbation Theory for Electronic g Tensors: Leading-Order Relativistic Effects},
    AUTHOR = {
        Z.~Rinkevicius
        and K.~J.~de~Almeida
        and C.~I.~Oprea
        and O.~Vahtras
        and H.~{\AA}gren
        and K.~Ruud
        },
    JOURNAL=jctc,
    VOLUME=4,
    PAGES=1810,
    YEAR=2008
    }
@ARTICLE{vaara2014,
    TITLE = {Nuclear spin circular dichroism},
    AUTHOR = {
        J.~Vaara
        and A.~Rizzo
        and J.~Kauczor
        and P.~Norman
        and S.~Coriani
        },
    JOURNAL=jcp,
    VOLUME=140,
    PAGES=134103,
    YEAR=2014
    }

@article{peeef,
  author = {N.~H.~List and H.~J.~Aa.~Jensen and J.~Kongsted},
  title = {{Local Electric Fields and Molecular Properties in Heterogeneous Environments through Polarizable Embedding}},
  journal = pccp,
  volume = {18},
  year = {2016},
  pages = {10070}}

@phdthesis{peeef2,
  author = {N.~H.~List},
  title = {{Theoretical Description of Electronic Transitions in Large Molecular Systems in the Optical and X-ray Regions}},
  note = {},
  month = {December},
  year= {2015},
  school =  {{University of Southern Denmark}},
  address = {Odense, Denmark}}
