@STRING{ajc = "Austr.~J.~Chem."}
@STRING{ijqcqcs = "Int.~J.~Quantum Chem.:Quantum Chem.~Symp."}
@STRING{jcsdt = "J.~Chem.~Soc., Dalton Trans."}
@STRING{znb = "Z.~Naturforsch.\ {\bf B}"}
@STRING{zna = "Z.~Naturforsch.\ {\bf A}"}
@STRING{jrs = "J.~Raman Spectrosc."}
@STRING{aciee = "Angew.~Chem.~Int.~Ed.~Engl."}
@STRING{cmr = "Conc.~Magn.~Reson."}
@STRING{hca = "Helv.~Chim.~Acta"}
@STRING{ic = "Inorg.~Chem."}
@STRING{cpc = "Comp.~Phys.~Commun."}
@STRING{jpc = "J.~Phys.~Chem."}
@STRING{jacs = "J.~Am.~Chem.~Soc."}
@STRING{jcp = "J.~Chem.~Phys."}
@STRING{cpl = "Chem.~Phys.~Lett."}
@STRING{ijqc = "Int.~J.~Quantum Chem."}
@STRING{jcc = "J.~Comput.~Chem."}
@STRING{tca = "Theor.~Chim.~Acta"}
@STRING{jmr = "J.~Magn.~Reson."}
@STRING{jmra = "J.~Magn.~Reson.~{\bf A}"}
@STRING{jpcrd = "J.~Phys.~Chem.~Ref.~Data"}
@STRING{eic = "Education in Chemistry"}
@STRING{jcspt2 = "J.~Chem.~Soc., Perkin Trans.\ 2"}
@STRING{sa = "Spectrochim.~Acta {\bf A}"}
@STRING{jpbamp = "J.~Phys.\ B: At.~Mol.~Phys."}
@STRING{jpamg = "J.~Phys.\ A: Math.~Gen."}
@STRING{mp = "Mol.~Phys."}
@STRING{mric = "Magn.~Reson. in Chem."}
@STRING{gci = "Gazzetta Chim.~Ital."}
@STRING{cp = "Chem.~Phys."}
@STRING{pm = "Phil.~Mag."}
@STRING{jcics = "J.~Chem.~Inf.~Comput.~Sci."}
@STRING{cr = "Chem.~Rev."}
@STRING{csr = "Chem.~Soc.~Rev"}
@STRING{jms = "J.~Mol.~Struct."}
@STRING{cjc = "Can.~J.~Chem."}
@STRING{jmc = "J.~Math.~Chem."}
@STRING{pr = "Phys.~Rev."}
@STRING{pra = "Phys.~Rev. {\bf A}"}
@STRING{prb = "Phys.~Rev. {\bf B}"}
@STRING{prl = "Phys.~Rev.~Lett."}
@STRING{jpoc = "J.~Phys.~Org.~Chem."}
@STRING{jcsft = "J.~Chem.~Soc.\ Faraday Trans."}
@STRING{acs = "Acta Chem.~Scand."}
@STRING{csj = "Chem.~Soc.~Jpn."}
@STRING{bcsj = "Bull.~Chem.~Soc.~Jpn."}
@STRING{jcscc = "J.~Chem.~Soc.~,Chem.~Commun."}
@STRING{jce = "J.~Chem.~Educ."}
@STRING{mpla = "Mod.~Phys.~Lett.\ {\bf A}"}
@STRING{ajp = "Am.~J.~Phys."}
@STRING{cb = "Chem.~Ber."}
@STRING{tfs = "Trans.~Faraday Soc."}


@Book{numrec,
  author = 	 {W.~H.~Press and S.~A.~Teukolsky and W.~T.~Vetterling
                  and B.~P.~Flannery},
  title = 	 {Numerical Recipes in FORTRAN},
  publisher = 	 {Cambridge},
  year = 	 {1992},
  edition = 	 {2}
}

@Article{mjmlhplhkpymjwjcp113,
  author = 	 {M.~J.~Mayor-L\'{o}pez and H.~P.~L\"{u}hti and
                  H.~Koch and P.~Y.~Morgantini and J.~Weber},
  journal = 	 jcp,
  year = 	 {2000},
  key = 	 {Coupled-cluster calculations on ferrocene and its
                  protonated derivatives: Towards the final word on
                  the mechanism of protonation of ferrocene?},
  volume = 	 {113},
  pages = 	 {8009}
}

@Article{jojrbgjcp105,
  author = 	 {J.~O.~Jung and R.~B.~Gerber},
  journal = 	 jcp,
  year = 	 {1996},
  key = 	 {Vibrational wave functions and energy levels of
                  large anharmonic clusters: A vibrational SCF study
                  of (Ar)13},
  volume = 	 {105},
  pages = 	 {10682}
}

@Book{radewestergren,
  author = 	 {L.~R{\aa}de and B.~Westergren},
  title = 	 {Mathematics Handbook for Science and Engineering},
  publisher = 	 {Springer},
  year = 	 {1999},
  address = 	 {Berlin Heidelberg},
  edition = 	 {4},
}

@Article{ufmscp120,
  author = 	 {U.~Fleischer and M.~Schindler},
  journal = 	 cp,
  year = 	 {1988},
  key = 	 {Magnetic-properties in terms of localized
                  qunatities. 11. Fluorine-compounds of first-row
                  elements}, 
  volume = 	 {120},
  pages = 	 {103}
}

@Article{poakvmmric36,
  author = 	 {P.-O.~{\AA}strand and K.~V.~Mikkelsen},
  journal = 	 mric,
  year = 	 {1998},
  key = 	 {Atomic magnetizability tensors of benzene and
                  fluoro- and chlorobenzenes},
  volume = 	 {36},
  pages = 	 {92}
}

@Article{bcdhmmvjmapra52,
  author = 	 {B.~Champagne and D.~H.~Mosley and M.~Vracko and
                  J.-M.~Andr\'{e}}, 
  journal = 	 pra,
  year = 	 {1995},
  key = 	 {Electron-correlation effects on the static
                  longitudinal polarizability of polymeric chains},
  volume = 	 {52},
  pages = 	 {178}
}

@Article{hkpjthjcp104,
  author = 	 {H.~Koch and P.~J{\o}rgensen and T.~Helgaker},
  journal = 	 jcp,
  year = 	 {1996},
  key = 	 {The molecular structure of ferrocene},
  volume = 	 {104},
  pages = 	 {9582}
}

@Book{brugelbook,
  author = 	 {W.~Br\"{u}gel},
  title = 	 {Handbook of NMR Spectral Parameters : Tabulated High
                  Resolution Chemical Shifts and Coupling Constants
                  for Organic Compounds According to Spin System},
  publisher = 	 {London : Philadelphia : Heyden},
  year = 	 {1979}
}

@Article{rkkpwdnbjacs120,
  author = 	 {R.~K.~Kondru and P.~Wipf and D.~N.~Beratan},
  journal = 	 jacs,
  year = 	 {1998},
  volume = 	 {120},
  pages = 	 {2204}
}

@Article{rkkpwdnbs282,
  author = 	 {R.~K.~Kondru and P.~Wipf and D.~N.~Beratan},
  journal = 	 {Science},
  year = 	 {1998},
  volume = 	 {282},
  pages = 	 {2247}
}

@Article{gsrjhgjacs83,
  author = 	 {G.~S.~Reddy and J.~H.~Goldstein},
  journal = 	 jacs,
  year = 	 {1961},
  volume = 	 {83},
  pages = 	 {2045}
}

@Article{spaswtrjcp113,
  author = 	 {S.~P.~A.~Sauer and W.~T.~Raynes},
  journal = 	 jcp,
  year = 	 {2000},
  key = 	 {Unexpected differential selectivity of nuclear
                  spin-spin coupling constants to bond stretching in
                  BH4-, NH4+, and SiH4},
  volume = 	 {113},
  pages = 	 {3121}
}

@Article{mmkhbcdrvjacs83,
  author = 	 {M.~M.~Kreevoy and H.~B.~Charman and D.~R.~Vinard},
  journal = 	 jacs,
  year = 	 {1961},
  volume = 	 {83},
  pages = 	 {1978}
}

@Article{ykjftfbcsj43,
  author = 	 {Y.~Kumata and J.~Furukawa and T.~Fueno},
  journal = 	 bcsj,
  year = 	 {1970},
  volume = 	 {43},
  pages = 	 {3920}
}

@Article{lezpc113,
  author = 	 {L.~Ebert},
  journal = 	 {Z.~Phys.~Chem.},
  year = 	 {1924},
  volume = 	 {113},
  pages = 	 {1}
}

@Book{acdjcfbook,
  editor = 	 {J.~C.~Facelli and A.~C.~{de Dios}},
  title = 	 {Modeling NMR Chemical Shifts : Gaining Insights into
                  Structure and Environment}, 
  publisher = 	 {Oxford University Press},
  year = 	 {1999},
  volume = 	 {372},
  series = 	 {ACS Symposium Series},
  address = 	 {New York}
}

@Article{ocpjchijqc68,
  author = 	 {O.~Christiansen and P.~J{\o}rgensen and C.~H\"{a}ttig},
  journal = 	 ijqc,
  year = 	 {1998},
  key = 	 {Response functions from Fourier component
                  variational perturbation heory applied to a
                  time-averaged quasienergy},
  volume = 	 {68},
  pages = 	 {1}
}

@Article{gkhnst2,
  author = 	 {G.~K.~Helmkamp amd N.~Schnautz},
  journal = 	 {Tetrahedron},
  year = 	 {1958},
  volume = 	 {2},
  pages = 	 {304},
}

@Unpublished{aajgjfspriv,
  author = 	 {A.~A.~Auer and J.~Gauss and J.~F.~Stanton},
  note = 	 {to be submitted to J.~Chem.~Phys.}
}

@Unpublished{htnopress,
  author = 	 {J.~Torii},
  note = 	 {Nonlinear Optics, in press}
}

@Article{slrwhfjcp56,
  author = 	 {S.~L.~Rock and W.~H.~Flygare},
  journal = 	 jcp,
  year = 	 {1972},
  volume = 	 {56},
  pages = 	 {4723}
}

@Book{abrahambook,
  author = 	 {R.~J.~Abraham},
  title = 	 {The Analysis of High Resolution NMR Spectra},
  publisher = 	 {Elsevier},
  year = 	 {1971},
  address = 	 {Amsterdam}
}

@Book{rjaplbook,
  author = 	 {R.~J.~Abraham and P.~Loftus},
  title = 	 {Proton and Carbon-13 NMR Spectroscopy: An Integrated
                  Approach},
  publisher = 	 {Heyden},
  year = 	 {1979},
  address = 	 {London}
}

@Article{lgjcwcpl249,
  author = 	 {L.~Geng and J.~C.~Wright},
  journal = 	 cpl,
  year = 	 {1996},
  volume = 	 {249},
  pages = 	 {105}
}

@Article{fkctrzsrrdsm77,
  author = 	 {F.~Kajzar and C.~Taliani and R.~Zamboni and
                  S.~Rossini and R.~Danieli}, 
  journal = 	 {Synth.~Met.},
  year = 	 {1996},
  volume = 	 {77},
  pages = 	 {257}
}

@Article{ehzp65,
  author = 	 {E.~Hylleraas},
  journal = 	 {Z.~Phys.},
  year = 	 {1930},
  volume = 	 {65},
  pages = 	 {209}
}

@Article{mdmkcijsmjcp107,
  author = 	 {M.~D.~Marshall and K.~C.~Izgi and J.~S.~Muenter},
  journal = 	 jcp,
  year = 	 {1997},
  volume = 	 {107},
  pages = 	 {137}
}

@Article{cjjacdnmr29,
  author = 	 {C.~J.~Jameson and A.~C.~{\mbox de Dios}},
  journal = 	 {Spec.~Per.~Reps.~NMR},
  year = 	 {2000},
  key = 	 {Theoretical and Physical Aspects of Nuclear Shielding},
  volume = 	 {29},
  pages = 	 {0000}
}

@Article{jmlmdbcbkjcp113,
  author = 	 {J.~M.~Luis and M.~Duran and B.~Champagne and B.~Kirtman},
  journal = 	 jcp,
  year = 	 {2000},
  key = 	 {Determination of vibrational polarizabilities and
                  hyperpolarizabilities using field-induced coordinates},
  volume = 	 {113},
  pages = 	 {5203}
}

@Article{jmdmbjcp99,
  author = 	 {J.~Mart\'{i} and D.~M.~Bishop},
  journal = 	 jcp,
  year = 	 {1993},
  volume = 	 {99},
  pages = 	 {3860}
}

@Book{gfcjgljsbook,
  author = 	 {G.~Fo\"{e}x and C.~J.~Gorter and L.~J.~Smits},
  title = 	 {Constantes S\'{e}lectionn\'{e}es Diamagn\'{e}tisme
                  et Paramagn\'{e}tisme Relaxation
                  Paramagn\'{e}tique},  
  publisher = 	 {Masson \& Cie},
  year = 	 {1957},
  volume = 	 {7},
  address = 	 {Paris}
}

@Article{hjwwmmp31,
  author = 	 {H.~J.~Werner and W.~Meyer},
  journal = 	 mp,
  year = 	 {1976},
  volume = 	 {31},
  pages = 	 {855}
}

@Article{cljhfstca79,
  author = 	 {C.~L.~Janssen and H.~F.~Schaefer},
  journal = 	 {Theor.~Chim.~Acta},
  year = 	 {1991},
  volume = 	 {79},
  pages = 	 {1}
}

@Book{nmrcycl,
  editor = 	 {D.~M.~Grant and R.~K.~Harris},
  title = 	 {Encyclopedia of NMR},
  publisher = 	 {Wiley},
  year = 	 {1996}
}

@InBook{cjjnmrcycl,
  author = 	 {C.~J.~Jameson},
  title = 	 {Encyclopedia of NMR},
  chapter = 	 {Isotope Effects on Chemical Shifts \& Coupling
                  Constants}, 
  publisher = 	 {Wiley},
  year = 	 {1996},
  pages = 	 {2638}
}

@Book{spectroscopycycl,
  editor = 	 {J.~C.Lindon and G.~E.~Tranter and J.~L.~Holmes},
  title = 	 {Encyclopedia of Spectroscopy and Spectrometry},
  publisher = 	 {Academic Press},
  year = 	 {2000},
  address = 	 {San Diego}
}

@Article{rdanchwhgdjawppjcp95,
  author = 	 {R.~D.~Amos and N.~C.~Handy and W.~H.~Green and
                  D.~Jayatilaka and A.~Willetts and P.~Palmieri},
  journal = 	 jcp,
  year = 	 {1991},
  key = 	 {Anharmonic vibrational properties of CH2F2: A
                  comparison of theory and experiment},
  volume = 	 {95},
  pages = 	 {8323}
}

@Article{cjjcr91,
  author = 	 {C.~J.~Jameson},
  journal = 	 cr,
  year = 	 {1991},
  key = 	 {Gas-Phase NMR Spectroscopy},
  volume = 	 {91},
  pages = 	 {1375}
}

@Article{tejospastcan100,
  author = 	 {T.~Enevoldsen and J.~Oddershede and S.~P.~A.~Sauer},
  journal = 	 tcan,
  year = 	 {1998},
  key = 	 {Correlated calculations of indirect nuclear
                  spin-spin coupling constants using second-order
                  polarization propagator approxiamtions: SOPPA and
                  SOPPA(CCSD)}, 
  volume = 	 {100},
  pages = 	 {275}
}

@Article{dmbsasprl55,
  author = 	 {D.~M.~Bishop and S.~A.~Solunac},
  journal = 	 prl,
  year = 	 {1985},
  volume = 	 {55},
  pages = 	 {2627}
}

@Book{srlbook,
  author = 	 {S.~R.~Logan},
  title = 	 {Fundamentals of Chemical Kinetics},
  publisher = 	 {Longman},
  year = 	 {1996},
  address = 	 {Essex}
}

@InBook{cpcsspecenc,
  author = 	 {C.~Pettinari and C.~Santini},
  title = 	 {Encyclopedia of Spectroscopy and Spectrometry},
  publisher = 	 {Academic Press},
  year = 	 {2000},
  pages =        {1021},
  address = 	 {San Diego}
}

@Article{njwrbgjcp112,
  author = 	 {N.~J.~Wright and R.~B.~Gerber},
  journal = 	 jcp,
  year = 	 {2000},
  key = 	 {Direct calculation of anharmonic vibrational states
                  of polyatomic molecules},
  volume = 	 {112},
  pages = 	 {2598}
}

@Article{abnajsrsjpc89,
  author = 	 {A.~Banerjee and N.~Adams and J.~Simons and R.~Shepard},
  journal = 	 jpc,
  year = 	 {1985},
  volume = 	 {89},
  pages = 	 {52}
}

@Article{hbsjcc3,
  author = 	 {H.~B.~Schlegel},
  journal = 	 jcc,
  year = 	 {1882},
  volume = 	 {3},
  pages = 	 {214}
}

@Article{jbakbdjcp105,
  author = 	 {J.~Baker and A.~Kossi and B.~Delley},
  journal = 	 jcp,
  year = 	 {1996},
  volume = 	 {105},
  pages = 	 {192}
}

@Article{ppgfjcp96,
  author = 	 {P.~Pulay and G.~Fogarasi},
  journal = 	 jcp,
  year = 	 {1992},
  volume = 	 {96},
  pages = 	 {2856}
}

@Article{jbjcc14,
  author = 	 {J.~Baker},
  journal = 	 jcc,
  year = 	 {1993},
  volume = 	 {14},
  pages = 	 {1085},
}

@Article{cppyahbsmjfjcc17,
  author = 	 {C.~Peng and P.~Y.~Ayala and H.~B.~Schlegel and
                  M.~J.~Frisch},
  journal = 	 jcc,
  year = 	 {1996},
  volume = 	 {17},
  pages = 	 {49}
}

@Article{fepphjwjcc18,
  author = 	 {F.~Eckert and P.~Pulay and H.-J.~Werner},
  journal = 	 jcc,
  year = 	 {1997},
  volume = 	 {18},
  pages = 	 {1473}
}

@InBook{asgspecenc,
  author = 	 {A.~S.~Gilbert},
  title = 	 {Encyclopedia of Spectroscopy and Spectrometry},
  publisher = 	 {Academic Press},
  year = 	 {2000},
  pages =        {1035},
  address = 	 {San Diego}
}

@Article{dmbrmp62,
  author = 	 {D.~M.~Bishop},
  journal = 	 {Rev.~Mod.~Phys.},
  year = 	 {1990},
  volume = 	 {62},
  pages = 	 {343}
}

@Article{cjjarpc47,
  author = 	 {C.~J.~Jameson},
  journal = 	 {Ann.~Rev.~Phys.~Chem.},
  year = 	 {1996},
  volume = 	 {47},
  pages = 	 {135}
}

@Article{fchknp17,
  author = 	 {F.~Coester and H.~K\"{u}mmel},
  journal = 	 {Nucl.~Phys.},
  year = 	 {1960},
  volume = 	 {17},
  pages = 	 {477}
}

@Article{jcjcp45,
  author = 	 {J.~\u{C}i\u{z}ek},
  journal = 	 jcp,
  year = 	 {1966},
  volume = 	 {45},
  pages = 	 {4256}
}

@Article{dsejfwmp51,
  author = 	 {D.~S.~Elliott and J.~F.~Ward},
  journal = 	 mp,
  year = 	 {1984},
  volume = 	 {51},
  pages = 	 {45}
}

@Article{bccpl261,
  author = 	 {B.~Champagne},
  journal = 	 cpl,
  year = 	 {1996},
  volume = 	 {261},
  pages = 	 {57}
}

@Article{bccpl287,
  author = 	 {B.~Champagne},
  journal = 	 cpl,
  year = 	 {1998},
  volume = 	 {287},
  pages = 	 {185}
}

@Article{bcbkcp245,
  author = 	 {B.~Champagne and B.~Kirtman},
  journal = 	 cp,
  year = 	 {1999},
  volume = 	 {245},
  pages = 	 {213}
}

@Article{pzmdzccgzsrmjwpjcp103,
  author = 	 {P.~Zuliani and M.~{\mbox del Zoppo} and
                  C.~Castiglioni and G.~Zerbi and S.~R.~Marder and
                  J.~W.~Perry},
  journal = 	 jcp,
  year = 	 {1995},
  volume = 	 {103},
  pages = 	 {9935}
}

@Article{pzmdzccgzcatbacjpc99,
  author = 	 {P.~Zuliani and M.~{\mbox del Zoppo} and
                  C.~Castiglioni and G.~Zerbi and C.~Andraud and
                  T.~Brotin and A.~Collet},
  journal = 	 jpc,
  year = 	 {1995},
  volume = 	 {99},
  pages = 	 {16242}
}

@Article{ajrmasmp98-2,
  author = 	 {A.~J.~Russell and M.~A.~Spackman},
  journal = 	 mp,
  year = 	 {2000},
  key = 	 {An ab initio study of vibrational corrections to the
                  electrical properties of ethylene},
  volume = 	 {98},
  pages = 	 {855}
}

@Article{oqbcjcp109,
  author = 	 {O.~Quinet and B.~Champagne},
  journal = 	 jcp,
  year = 	 {1998},
  key = 	 {Vibrational scond hyperpolarizabilities of CH4-nFn
                  molecules with n=0-4},
  volume = 	 {109},
  pages = 	 {10594}
}

@Article{pnylhajcp109,
  author = 	 {P.~Norman and Y.~Luo and H.~{\AA}gren},
  journal = 	 jcp,
  year = 	 {1998},
  key = 	 {Vibrational corrections to static and dynamic
                  hyperpolarizabilities of pure liquids, calculations
                  on methanol},
  volume = 	 {109},
  pages = 	 {3580}
}

@Article{ajrmasmp98-3,
  author = 	 {A.~J.~Russell and M.~A.~Spackman},
  journal = 	 mp,
  year = 	 {2000},
  key = 	 {An ab initio study of vibrational corrections to the
                  electrical properties of ethane},
  volume = 	 {98},
  pages = 	 {867}
}

@Article{ajrmasmp90,
  author = 	 {A.~J.~Russell and M.~A.~Spackman},
  journal = 	 mp,
  year = 	 {1997},
  volume = 	 {90},
  pages = 	 {251}
}

@Article{pamarborjpc94,
  author = 	 {P.-{\AA}.~Malmqvist and A.~Rendell and B.~O.~Roos},
  journal = 	 jpc,
  year = 	 {1990},
  volume = 	 {94},
  pages = 	 {5477}
}

@Article{pndjhacpl268,
  author = 	 {P.~Norman and D.~Jonsson and H.{\AA}gren},
  journal = 	 cpl,
  year = 	 {1997},
  key = 	 {Excited state properties through cubic response
                  theory; polarizabilities of benzene and naphtalene},
  volume = 	 {268},
  pages = 	 {337}
}

@Article{pemdjsmcrdanchjcp95,
  author = 	 {P.~E.~Maslen and D.~Jayatilaka and S.~M.~Colwell and
                  R.~D.~Amos and N.~C.~Handy}, 
  journal = 	 jcp,
  year = 	 {1991},
  volume = 	 {95},
  pages = 	 {7409}
}

@Article{djmjcp88,
  author = 	 {D.~J.~Malik},
  journal = 	 jcp,
  year = 	 {1988},
  volume = 	 {88},
  pages = 	 {2624}
}

@Article{boracp69,
  author = 	 {B.~O.~Roos},
  journal = 	 {Adv.~Chem.~Phys.},
  year = 	 {1987},
  volume = 	 {69},
  pages = 	 {399}
}

@Article{gcljhbljcp59,
  author = 	 {G.~C.~Lie and J.~Hinze and B.~Liu},
  journal = 	 jcp,
  year = 	 {1973},
  volume = 	 {59},
  pages = 	 {1872}
}

@Article{dmbsmcjcp101,
  author = 	 {D.~M.~Bishop and S.~M.~Cybulski},
  journal = 	 jcp,
  year = 	 {1994},
  volume = 	 {101},
  pages = 	 {2180}
}

@Article{rjbsdptca35,
  author = 	 {R.~J.~Buenker and S.~D.~Peyerimhoff},
  journal = 	 tca,
  year = 	 {1974},
  volume = 	 {35},
  pages = 	 {33}
}

@Article{ssjms440,
  author = 	 {S.~Samdal},
  journal = 	 {J.~Mol.~Struct.},
  year = 	 {1998},
  volume = 	 {440},
  pages = 	 {165}
}

@Article{peswehtorahejrcp178,
  author = 	 {P.~E.~S.~Wormer and E.~H.~T.~Olthod and
                  R.~A.~H.~Engeln and J.~Reuss},
  journal = 	 cp,
  year = 	 {1993},
  volume = 	 {178},
  pages = 	 {189}
}

@Article{kapamborajskwjpc94,
  author = 	 {K.~Andersson and {\mbox P.-\AA}.~Malmqvist and
                  B.~O.~Roos and A.~J.~Sadlej and K.~Wolinski},
  journal = 	 jpc,
  year = 	 {1990},
  volume = 	 {94},
  pages = 	 {5483}
}

@Article{kapamborjcp96,
  author = 	 {K.~Andersson and {\mbox P.-\AA}.~Malmqvist and
                  B.~O.~Roos}, 
  journal = 	 jcp,
  year = 	 {1992},
  volume = 	 {96},
  pages = 	 {1218}
}

@Book{ramseybook,
  author = 	 {N.~F.~Ramsey},
  title = 	 {Molecular Beams},
  publisher = 	 {Clarendon Press},
  year = 	 {1956},
  address = 	 {Oxford},
}

@Article{cepr47,
  author = 	 {C.~Eckart},
  journal = 	 pr,
  year = 	 {1935},
  volume = 	 {47},
  pages = 	 {552}
}

@Article{ppmp17,
  author = 	 {P.~Pulay},
  journal = 	 mp,
  year = 	 {1969},
  volume = 	 {17},
  pages = 	 {197}
}

@Article{japkrhbsjsbijqcqcs13,
  author = 	 {J.~A.~Pople and R.~Krishnan and H.~B.~Schlegel
                  and J.~S.~Binkley},
  journal = 	 {Int.~J.~Quantum Chem., Quantum Chem.~Symp.},
  year = 	 {1979},
  volume = 	 {13},
  pages = 	 {225}
}

@Article{jdgnchhfsjcp71,
  author = 	 {J.~D.~Goddard and N.~C.~Handy and H.~F.~{\mbox
                  Schaefer III}},
  journal = 	 jcp,
  year = 	 {1979},
  volume = 	 {71},
  pages = 	 {1525}
}

@Article{ppmp18,
  author = 	 {P.~Pulay},
  journal = 	 mp,
  year = 	 {1970},
  volume = 	 {18},
  pages = 	 {473}
}

@Article{polpr97,
  author = 	 {{\mbox P.-O.}~L\"{o}wdin},
  journal = 	 pr,
  year = 	 {1955},
  volume = 	 {97},
  pages = 	 {1474}
}

@Article{nfrpr90,
  author = 	 {N.~F.~Ramsey},
  journal = 	 pr,
  year = 	 {1953},
  volume = 	 {90},
  pages = 	 {232},
}

@Article{rvrahmcpra9,
  author = 	 {R.~V.~{\mbox Reid Jr.} and A.~{\mbox H.-M}.~Chu},
  journal = 	 pra,
  year = 	 {1974},
  volume = 	 {9},
  pages = 	 {609}
}

@Article{tkrmivvlu22,
  author = 	 {T.~K.~Rebane and M.~I.~Volodicheva},
  journal = 	 {Vest.~Leningrad University},
  year = 	 {1974},
  volume = 	 {22},
  pages = 	 {55}
}

@Misc{jvjljjcpl??,
  author = 	 {J.~Vaara and J.~Lounila and J.~Jokisaari},
  note = 	 {Chem.~Phys.~Lett., submitted}
}

@Article{jvjkjjpdjpca101-1,
  author = 	 {J.~Vaara and J.~Kaski and J.~Jokisaari and P.~Diehl},
  journal = 	 jpca,
  year = 	 {1997},
  volume = 	 {101},
  pages = 	 {5069},
  note =         {{\it ibid.\/} {\bf 101}, 9185 (1997)}
}

@Article{jvjkjjpdjpca101-2,
  author = 	 {J.~Vaara and J.~Kaski and J.~Jokisaari and P.~Diehl},
  journal = 	 jpca,
  year = 	 {1997},
  volume = 	 {101},
  pages = 	 {9185}
}

@Article{adbsmmmp22,
  author = 	 {A.~D.~Buckingham and S.~M.~Malm},
  journal = 	 mp,
  year = 	 {1971},
  volume = 	 {22},
  pages = 	 {1127}
}

@Article{cjjhjojcp81,
  author = 	 {C.~J.~Jameson and {\mbox H.-J.}~Osten},
  journal = 	 jcp,
  year = 	 {1984},
  volume = 	 {81},
  pages = 	 {4293}
}

@Article{jmlmjpfrgjcp96,
  author = 	 {J.~M.~L.~Martin and J.~P.~Fran\c{c}ois and R.~Gijbels},
  journal = 	 jcp,
  year = 	 {1992},
  volume = 	 {96},
  pages = 	 {7633}
}

@Article{pjsatvlgtjms168,
  author = 	 {P.~Jensen and S.~A.~Tashkun and {\mbox Vl}.~G.~Tyuterev},
  journal = 	 {J.~Mol.~Spectrosc.},
  year = 	 {1994},
  volume = 	 {168},
  pages = 	 {271}
}

@Article{arhimmgsmp24,
  author = 	 {A.~R.~Hoy and I.~M.~Mills and G.~Strey},
  journal = 	 mp,
  year = 	 {1972},
  volume = 	 {24},
  pages = 	 {1265}
}

@Article{mttoymjms13,
  author = 	 {M.~Toyama and T.~Oka and Y.~Morino},
  journal = 	 {J.~Mol.~Spectrosc.},
  year = 	 {1964},
  volume = 	 {13},
  pages = 	 {193} 
}

@Article{jdlhwgrmp48,
  author = 	 {J.~D.~Louck and H.~W.~Galbraith},
  journal = 	 {Rev.~Mod.~Phys.},
  year = 	 {1976},
  volume = 	 {48},
  pages = 	 {69}
}

@Misc{jlinprep,
  author = 	 {J.~Lounila},
  note = 	 {In preparation}
}

@InCollection{cjjenmrs96,
  author = 	 {C.~J.~Jameson},
  booktitle =        {Encyclopedia of NMR Spectroscopy},
  publisher = 	 {J.~Wiley \& Sons Ltd.},
  year = 	 {1996},
  editor = 	 {D.~M.~Grant and R.~K.~Harris},
  address = 	 {New York},
  pages = 	 {1273}
}

@Book{gdbkvmbook1,
  author = 	 {G.~D.~Billing and K.~V.~Mikkelsen},
  title = 	 {Introduction to Molecular Dynamics and Chemical Kinetics},
  publisher = 	 {J.~Wiley \& Sons Ltd.},
  year = 	 {1996}
}

@Article{mafwdljcp74,
  author = 	 {M.~A.~Frerking and W.~D.~Langer},
  journal = 	 jcp,
  year = 	 {1981},
  volume = 	 {74},
  pages = 	 {6990}
}

@Article{joborpjhjajjcp89,
  author = 	 {J.~Olsen and B.~O.~Roos and P.~J{\o}rgensen and H.~J.~Aa.~Jensen},
  journal = 	 jcp,
  year = 	 {1988},
  volume = 	 {89},
  pages = 	 {2185}
}


@Article{thpjnchtca76,
  author = 	 {T.~Helgaker and P.~J{\o}rgensen and N.~C.~Handy},
  journal = 	 tca,
  year = 	 {1989},
  key = 	 {A numerically stable procedure for calculating
                  Moller-Plesset energy derivatives, dervied using the
                  theory of Lagrangians},
  volume = 	 {76},
  pages = 	 {227}
}

@Article{jkbar,
  author = 	 {J.~Kerr},
  journal = 	 {Brit.~Assoc.~Report},
  year = 	 {1901},
  pages = 	 {568}
}

@Article{rmral11,
  author = 	 {R.~Majoranna},
  journal = 	 {R.~Accad.~Lincei},
  year = 	 {1902},
  volume = 	 {11},
  pages = 	 {374}
}

@Article{achmcras141,
  author = 	 {A.~Cotton and H.~Mouton},
  journal = 	 {Comp.~Rend.~Acad.~Sci.},
  year = 	 {1905},
  volume = 	 {141},
  pages = 	 {317},
}

@Article{achmacp11,
  author = 	 {A.~Cotton and H.~Mouton},
  journal = 	 {Ann.~De Chem.~et Phys.},
  year = 	 {1907},
  volume = 	 {11},
  pages = 	 {289}
}

@Article{yrsn337,
  author = 	 {Y.~R.~Shen},
  journal = 	 {Nature},
  year = 	 {1989},
  volume = 	 {337},
  pages = 	 {519},
}

@Article{whuefpncpl196,
  author = 	 {W.~H\"{u}ttner and U.~E.~Frank and P.~Nowicki},
  journal = 	 cpl ,
  year = 	 {1992},
  volume = 	 {196},
  pages = 	 {614}
}

@Book{harrisbook,
  author = 	 {R.~K.~Harris},
  title = 	 {Nuclear Magnetic Resonance Spectroscopy},
  publisher = 	 {Longman Scientific \& Technical},
  year = 	 {1986}
}

@Book{harrimanbook,
  author = 	 {J.~E.~Harriman},
  title = 	 {Theoretical foundations of electron spin resonance},
  publisher = 	 {Academic Press},
  year = 	 {1978}
}

@Book{goldstein,
  author = 	 {H.~Goldstein},
  title = 	 {Classical Mechanics},
  publisher = 	 {Addison-Wesley},
  year = 	 {1980}
}

@Article{pabaaktkrzetf80,
  author = 	 {P.~A.~Braun and A.~A.~Kiselev and T.~K.~Rebane},
  journal = 	 {Zh.~Eksp.~Teor.~Fiz.},
  volume =       {80},
  year = 	 {1981},
  pages = 	 {2163},
  note = 	 {Sov.~Phys.-JETP {\bf 53}, 1128 (1981)}
}

@Book{graybealbook,
  author = 	 {J.~D.~Graybeal},
  title = 	 {Molecular Spectroscopy},
  publisher = 	 {McGraw-Hill},
  year = 	 {1988}
}

@Misc{lvpersonal,
  author = 	 {L.~Visscher},
  note = 	 {Personal communication}
}

@Book{bunkerbook,
  author = 	 {P.~R.~Bunker},
  title = 	 {Molecular Symmetry and Spectroscopy},
  publisher = 	 {Academic Press Inc. (New York)},
  year = 	 {1979}
}

@Proceedings{yarkony,
  title = 	 {Modern Electronic Structure Theory},
  year = 	 {1995},
  editor = 	 {D.~R.~Yarkony},
  publisher =    {World Scientific}
}

@Article{mpkjkwjsssnmr6,
  author = 	 {M.~Pecul and K.~Jackowski and K.~Wozniak and J.~Sadlej},
  journal = 	 {Solid State Nuc.~Magn.~Resonan.},
  year = 	 {1997},
  volume = 	 {6},
  pages = 	 {139}
}

@Misc{mpjscp,
  author = 	 {M.~Pecul and J.~Sadlej},
  note = 	 {Chem.~Phys., accepted}
}

@Article{adbrldprsa273,
  author = 	 {A.~D.~Buckingham and R.~L.~Disch},
  journal = 	 {Proc.~Roy.~Soc.~{\bf A}},
  year = 	 {1963},
  volume = 	 {273},
  pages = 	 {275}
}

@Article{ppagnrmp61,
  author = 	 {P.~Pyykk\"{o} and A.~G\"{o}rling and N.~R\"{o}sch},
  journal = 	 mp,
  year = 	 {1987},
  volume = 	 {61},
  pages = 	 {195}
}


@InCollection{kw96c,
  author = 	 {J.~F.~Hinton and K.~Wolinski},
  booktitle = 	 {Theoretical Treatments of Hydrogen Bonding},
  chapter = 	 {Ab initio GIAO Magnetic Shielding Tensor for
                  Hydrogen bonded Systems},
  publisher = 	 {J.~Wiley \& Sons Ltd.},
  year = 	 {1997},
  editor = 	 {D.~Hadzi}
}

@Article{borijqcs14,
  author = 	 {B.~O.~Roos},
  journal = 	 {Int.~J.~Quantum Chem.:~Quantum~Chem.~Symp.},
  year = 	 {1980},
  volume = 	 {14},
  pages = 	 {175}
}

@Article{mcesjajcp104,
  author = 	 {M.~Challacombe and E.~Schwegler and J.~Alml\"{o}f},
  journal = 	 jcp,
  year = 	 {1996},
  volume = 	 {104},
  pages = 	 {4685}
}

@Article{tawjfomr9,
  author = 	 {T.~A.~Albright and W.~J.~Freeman},
  journal = 	 {Org.~Magn.~Reson.},
  year = 	 {1977},
  volume = 	 {9},
  pages = 	 {75}
}

@Article{jwlsmscrrkamsjacs106,
  author = 	 {J.~W.~Lown and S.~M.~S.~Chauhan and R.~R.~Koganty and
                  {\mbox A.-M}.~Sapse},
  journal = 	 jacs,
  year = 	 {1984},
  volume = 	 {106},
  pages = 	 {6401}
}

@article{mfraktca84,
        AUTHOR = {M.Feyereisen and R.A.Kendall},
        JOURNAL = "Theor.Chim.Acta" ,
        VOLUME = 84 ,
        YEAR = 1993,
        PAGES = 289 
}

@Article{cjjakjdojcp85,
  author = 	 {C.~J.~Jameson and A.~K.~Jameson and D.~Opposunggu},
  journal = 	 jcp,
  year = 	 {1986},
  volume = 	 {85},
  pages = 	 {5480}
}

@Article{mbpvrsjacs114,
  author = 	 {M.~B\"{u}hl and P.~v.~R.~Schleyer},
  journal = 	 jacs,
  year = 	 {1992},
  volume = 	 {114},
  pages = 	 {477}
}

@MISC{qcdlfjdopdeposter,
  author =       {Q.~Chen and D.~L.~Freeman and J.~D.~Odom and
                  P.~D.~Ellis},
  note = 	 {Poster presented at the 36.ENC (Experimental Nuclear
                  Magnetic Resonance Conference) Boston, Massachusetts
                  (1995)}
}

@Book{mcweeny,
  author = 	 {R.~McWeeny},
  title = 	 {Methods of Molecular Quantum Mechanics},
  publisher = 	 {Academic Press},
  year = 	 {1992},
  edition = 	 {2}
}

@Book{abragam,
  author = 	 {A.~Abragam},
  title = 	 {The Principles of Nuclear Magnetic Resonance},
  publisher = 	 {Oxford University Press},
  year = 	 {1961},
  address = 	 {Oxford}
}

@InCollection{thecc,
  author = 	 {T.~Helgaker},
  booktitle = 	 {Encyclopedia of Computational Chemistry},
  publisher = 	 {J.~Wiley \& Sons Ltd.},
  year = 	 {1998},
  editor = 	 {P.~{\mbox v.~R.~Schleyer}},
  address = 	 {New York}
}

@Book{compchemcycl,
  editor = 	 {P.~{\mbox v.~R.~Schleyer}},
  title = 	 {Encyclopedia of Computational Chemistry},
  publisher = 	 {J.~Wiley \& Sons Ltd.},
  year = 	 {1998},
  address = 	 {New York}
}

@InCollection{mkolmvgmecc,
  author = 	 {M.~Kaupp and O.~L.~Malkina and V.~G.~Malkin},
  booktitle = 	 {Encyclopedia of Computational Chemistry},
  publisher = 	 {J.~Wiley \& Sons Ltd.},
  year = 	 {1998},
  editor = 	 {P.~{\mbox v.~R.~Schleyer}},
  address = 	 {New York}
}

@Article{wtrnpmp48,
  author = 	 {W.~T.~Raynes and N.~Panteli},
  journal = 	 mp,
  year = 	 {1983},
  volume = 	 {48},
  pages = 	 {439}
}

@Misc{mbmkvgmolmjcc,
  key = 	 {The DFT Route to NMR Chemical Shifts},
  author = 	 {M.~B\"{u}hl and M.~Kaupp and V.~G.~Malkin and
                  O.~L.~Malkina}, 
  note = 	 {J.~Comp.~Chem., submitted}
}

@Article{ijsjnkajkjkrjacs90,
  author = 	 {I.~J.~Solomon and J.~N.~Keith and A.~J.~Kacmarek and
                  J.~K.~Raney},
  journal = 	 jacs,
  year = 	 {1968},
  volume = 	 {90},
  pages = 	 {5408}
}

@Article{mkvgmolmdrsjacs117,
  author = 	 {M.~Kaupp and V.~G.~Malkin and O.~L.~Malkina and
                  D.~R.~Salahub}, 
  journal = 	 jacs,
  year = 	 {1995},
  volume = 	 {117},
  pages = 	 {1851},
  note = 	 {Erratum: {\it ibid.\/} {\bf 1998}, {\it 117\/}, 8492}
}

@Article{mbroap84,
  author = 	 {M.~Born and R.~Oppenheimer},
  journal = 	 {Ann.~d.~Phys.},
  year = 	 {1927},
  volume = 	 {84},
  pages = 	 {457}
}

@InBook{mbkhbook,
  author = 	 {M.~Born and K.~Huang},
  title = 	 {Dynamical Theory of Crystal Lattices},
  note = 	 {Appendix 8},
  publisher = 	 {Clarendon Press, Oxford},
  year = 	 {1954}
}

@Misc{kjmjwmjv,    
  key =          {COS,MCSCF response and exp},
  author =       {K.~Jackowski and M.~Jaszu\'{n}ski and W.~Makulski
                  and J.~Vaara},
  note =         {{\it J.~Magn.~Reson.\/}, submitted}
}

@article{frsrahmp94,
   AUTHOR ="F.~R.~{\mbox Salsbury Jr.} and R.~A.~Harris",
   JOURNAL=mp,
   VOLUME =94,
   PAGES  =307,
   YEAR   =1998
}

@Article{ynytnntl8,
  author = 	 {Y.~Nomura and Y.~Takeuchi and N.~Nakagawa},
  journal = 	 {Tetrahed.~Lett.},
  year = 	 {1969},
  volume = 	 {8},
  pages = 	 {639}
}

@Article{pplwmp43,
  author = 	 {P.~Pyykk\"{o} and L.~Wiesenfeld},
  journal = 	 mp,
  year = 	 {1981},
  volume = 	 {43},
  pages = 	 {557}
}

@Article{kttojpsj18,
  author = 	 {K.~Takagi and T.~Oka},
  journal = 	 {J.~Phys.~Soc.~Jpn},
  year = 	 {1963},
  volume = 	 {18},
  pages = 	 {1174}
}

@Article{wgshjbjapjcp28,
  author = 	 {W.~G.~Schneider and H.~J.~Bernstein and J.~A.~Pople},
  journal = 	 jcp,
  year = 	 {1958},
  volume = 	 {28},
  pages = 	 {601}
}

@Article{verchn325,
  author = 	 {V.~Elser and R.~C.~Haddon},
  journal = 	 {Nature},
  year = 	 {1987},
  volume = 	 {325},
  pages = 	 {792}
}

@Article{hkhapjthhjajcp172,
  author = 	 {H.~Koch and H.~\AA gren and P.~J{\o}rgensen and
                  T.~Helgaker and H.~J.~Aa.~Jensen},
  journal = 	 cp,
  year = 	 {1993},
  volume = 	 {172},
  pages = 	 {13}
}

@Article{kknntwsshsymksiimkyan357,
  author = 	 {K.~Kikuchi and N.~Nakahara and W.~Wakabayashi and
                  S.~Suzuki and H.~Shiromaru and Y.~Miyake and
                  K.~Saito and I.~Ikemoto and M.~Kainosho and
                  Y.~Achiba}, 
  journal = 	 {Nature},
  year = 	 {1992},
  volume = 	 {357},
  pages = 	 {142}
}

@Article{rpammpowbortca92,
  author = 	 {R.~Pou~-Amerigo and M.~Merchan and P.~-O.~Widmark
                  and B.~O.~Roos},
  journal = 	 {tca},
  year = 	 {1995},
  volume = 	 {92},
  pages = 	 {149}
}

@Misc{ovpersonal,
  author = 	 {O.~Vahtras},
  note = 	 {Personal communication}
}

@Article{jljfcscpl203,
  author = 	 {J.~Li and J.~Feng and J.~Sun},
  journal = 	 cpl,
  year = 	 {1993},
  volume = 	 {203},
  pages = 	 {560}
}

@Article{jfhpgppkwjacs114,
  author = 	 {J.~F.~Hinton and P.~Guthrie and P.~Pulay and K.~Wolinski},
  journal = 	 jacs,
  year = 	 {1992},
  key = 	 {Ab initio quantum-mechanical calculation of the
                  chemical-shift anisotropy of the hydrogen-atom in
                  the (H2O)17 cluster},
  volume = 	 {114},
  pages = 	 {1604}
}

@Article{rchlfsjvwshgrtgdarkajmammmjrsmzavmfatkrecven350,
  author = 	 {R.~C.~Haddon and L.~F.~Schneemeyer and J.~V.~Waszczak
                  and S.~H.~Glarum and R.~Tycko and G.~Dabbagh and
                  A.~R.~Kortan and A.~J.~Muller and A.~M.~Mujsce and
                  M.~J.~Rosseinsky and S.~M.~Zahurak and A.~V.~Makhija
                  and F.~A.~Thiel and K.~Raghavachari and E.~Cockayne
                  and V.~Elser},
  journal = 	 {Nature},
  year = 	 {1991},
  volume = 	 {350},
  pages = 	 {46}
}

@Article{ewarapa60,
  author = 	 {E.~Westin and A.~Ros\'{e}n},
  journal = 	 {Appl.~Phys. {\bf A}},
  year = 	 {1995},
  volume = 	 {60},
  pages = 	 {49}
}

@Article{aaqmrpprb46,
  author = 	 {A.~A.~Quong and M.~R.~Pederson},
  journal = 	 prb,
  year = 	 {1992},
  volume = 	 {46},
  pages = 	 {12906}
}

@Article{eahruzp65,
  author = 	 {E.~A.~Hylleraas and R.~Undheim},
  journal = 	 {Z.Physik},
  year = 	 {1930},
  volume = 	 {65},
  pages = 	 {759}
}

@Article{pjfjccbmacr25,
  author = 	 {P.~J.~Fagan and J.~C.~Calabrese and B.~Malone},
  journal = 	 {Accounts ~Chem.~Res.},
  year = 	 {1992},
  volume = 	 {25},
  pages = 	 {134}
}

@Article{rnchfkjwmdjmjcp79,
  author = 	 {R.~.N.~Camp and H.~F.~King and J.~W.~{\mbox McIver
                  Jr.} and D.~J.~Mullally},
  journal = 	 jcp,
  year = 	 {1983},
  volume = 	 {79},
  pages = 	 {1088},
}

@InCollection{bhlpjjsbook,
  author = 	 {B.~H.~{\mbox Lengsfield III}},
  booktitle = 	 {Geometrical derivatives of energy surfaces and
                  molecular properties},
  publisher = {Reidel, Dordrecht},
  year = 	 {1986},
  editor = 	 {P.~J{\o}rgensen and J.~Simons},
  pages = 	 {79}
}

@InCollection{sbhonahshnanmoyaysasi92,
  author = 	 {S.~Bandow and H.~Oya and N.~Akuzawa and H.~Shinohara
                  and H.~Nagashima and A.~Nakaoka and M.~Ohkohchi and
                  Y.~Ando and Y.~Saito},
  booktitle = 	 {Physics and Chemistry of finite systems: from
                  clusters to crystals, vol.2},
  year = 	 {1992},
  series = 	 {NATO ASI Series, Ser.C},
  pages = 	 {1311}
}

@Article{jlbcaptapcr94,
  author = 	 {J.~L.~Br\'{e}das and C.~Adant and P.~Tackx and
                  A.~Persoons}, 
  journal = 	 cr,
  year = 	 {1994},
  volume = 	 {94},
  pages = 	 {243}
}

@Article{alsb54,
  author = 	 {A.~L.~v.~Steiger}},
  journal = 	 {Berichte},
  year = 	 {1921},
  volume = 	 {54},
  pages = 	 {1381}
}

@Article{cspm50,
  author = 	 {C.~Smyth},
  journal = 	 {Phil.~Mag.},
  year = 	 {1925},
  volume = 	 {50},
  pages = 	 {361}
}

@Article{avjcs1948,
  author = 	 {A.~Vogel},
  journal = 	 {J.~Chem.~Soc.},
  year = 	 {1948},
  pages = 	 {1833}
}

@Article{hwkjrhscorfcresn318,
  author = 	 {H.~W.~Kroto and J.~R.~Heath and S.~C.~O'Brien and
                  R.~F.~Curl and R.~E.~Smalley}, 
  journal = 	 {Nature},
  year = 	 {1985},
  volume = 	 {318},
  pages = 	 {162}
}

@Article{pabtkros51,
  author = 	 {P.~A.~Braun and T.~K.~Rebane},
  journal = 	 {Opt.~Spektrosk.},
  year = 	 {1981},
  volume = 	 {51},
  pages = 	 {621}
}

@Article{SGWGJCP58,
  author = 	 {S.~Gustafson and W.~Gordy},
  journal = 	 jcp,
  year = 	 {1973},
  volume = 	 {58},
  pages = 	 {5181}
}

@Article{ylpndjhamp89,
  author = 	 {Y.~Luo and P.~Norman and D.~Jonsson and H.~\AA gren},
  journal = 	 mp,
  year = 	 {1996},
  key = 	 {Ground and excited state hyperpolarizabilities of
                  cis-, trans- and diphenylpolyenes},
  volume = 	 {89},
  pages = 	 {1409}
}

@Article{mhrajcc10,
  author = 	 {M.~H\"{a}ser and R.~Ahlrichs},
  journal = 	 jcc,
  year = 	 {1989},
  volume = 	 {10},
  pages = 	 {104}
}

@Article{jakfkkjcc3,
  author = 	 {J.~Alml\"{o}f and K.~{\mbox F\ae gri Jr.\/} and K.~Korsell},
  journal = 	 jcc,
  year = 	 {1982},
  volume = 	 {3},
  pages = 	 {385}
}

@Article{jlbcaptapbmpcr94,
  author = 	 {J.~L.~Br\'{e}das and C.~Adant and P.~Tackx and
                  A.~Persoons and B.~M.~Pierce},
  journal = 	 cr,
  year = 	 {1994},
  volume = 	 {94},
  pages = 	 {243}
}

@Article{spkgbtwmkpwpnppra45,
  author = 	 {S.~P.~Karna and G.~B.~Talapatra and
                  W.~M.~K.~P.~Wijekoon and P.~N.~Prasad},
  journal = 	 pra,
  year = 	 {1992},
  volume = 	 {45},
  pages = 	 {2763}
}

@Article{tskfthogmp91,
  author = 	 {T.~Saue and K.~F\ae gri and T.~Helgaker and O.~Gropen},
  journal = 	 mp,
  year = 	 {1997},
  key = 	 {Principles of direct 4-component relativistic SCF:
                  Application to cesium auride},  
  volume = 	 {91},
  pages = 	 {937}
}

@Article{ahnjcp55,
  author = 	 {A.~H.~Narten},
  journal = 	 jcp,
  year = 	 {1971},
  volume = 	 {55},
  pages = 	 {2268}
}

@Article{bcdhmjmaijqcs27,
  author = 	 {B.~Champagne and D.~H.~Mosley and J.-M.~Andr\'{e}},
  journal = 	 {Int.~J.~Quantum Chem.~ Symp.~},
  year = 	 {1993},
  volume = 	 {27},
  pages = 	 {667}
}

@Article{slaap87,
  author = 	 {S.~L.~Adler},
  journal = 	 {Ann.~Phys.},
  year = 	 1971,
  volume = 	 {87},
  pages = 	 {599}
}

@Article{johjajpjjcp74,
  author = 	 {J.~Olsen and H.~J.~Aa.~Jensen and P.~J{\o}rgensen},
  journal = 	 {J.~Comput.~Phys.},
  year = 	 {1988},
  volume = 	 {74},
  pages = 	 {265}
}

@Article{hjajhkpjjocp119,
  author = 	 {H.~J.~Aa.~Jensen and H.~Koch and P.~J{\o}rgensen and J.~Olsen},
  journal = 	 cp,
  year = 	 {1988},
  volume = 	 {119},
  pages = 	 {297}
}

@Article{tphppjcp84,
  author = 	 {T.~P.~Hamilton and P.~Pulay},
  journal = 	 jcp,
  year = 	 {1986},
  volume = 	 {84},
  pages = 	 {5728}
}

@MISC{pdhovedfag,
  author = 	 {P.~Dahle},
  note   = 	 {Master thesis, University of Oslo (1996)}
}

@Article{htgljarewmwthhwprl65,
  author = 	 {H.~Thienpont and G.~L.~J.~A.~Rikken and E.~W.~Meijer
                  and W.~{\mbox ten Hoeve} and H.~Wynberg},
  journal = 	 prl,
  year = 	 1980,
  volume = 	 {65},
  pages = 	 {214}
}

@MISC{emslref,
        AUTHOR = {},
        NOTE = {Basis sets were obtained from the Extensible
                  Computational Chemistry Environment Basis Set
                  Database, Version 1.0, as developed and distributed
                  by the Molecular Science Computing Facility,
                  Environmental and Molecular Sciences Laboratory
                  which is part of the Pacific Northwest Laboratory,
                  P.O. Box 999, Richland, Washington 99352, USA, and
                  funded  by the U.S. Department of Energy. The
                  Pacific Northwest Laboratory is a multi-program
                  laboratory operated by Battelle Memorial Institue
                  for the U.S. Department of Energy under contract
                  DE-AC06-76RLO 1830. Contact David Feller, Karen
                  Schuchardt, or Don Jones for further information.}}

@InProceedings{jmhrjvadr13,
  author = 	 {J.~M.~H.~Reijnders and J.~Verhoeven and A.~Dymanus},
  booktitle = 	 {26th symposium on molecular structure and spectroscopy. Abstracts},
  year = 	 {1971},
  organization = {Ohio State University, Columbus OH, USA}
}

@Article{jsmwkjcp52,
  author = 	 {J.~S.~Muenter and W.~Klemperer},
  journal = 	 jcp,
  year = 	 {1970},
  volume = 	 {52},
  pages = 	 {6033}
}

@Article{fhdladjms48,
  author = 	 {F.~H.~{\mbox De Leeuw} and A.~Dymanus},
  journal = 	 {J.~Mol.~Spectrosc.},
  year = 	 {1973},
  volume = 	 {48},
  pages = 	 {427}
}

@Article{jsmjcp56,
  author = 	 {J.~S.~Muenter},
  journal = 	 jcp,
  year = 	 {1972},
  volume = 	 {56},
  pages = 	 {5409}
}

@Article{trdjsmjcp59,
  author = 	 {T.~R.~Syke and J.~S.~Muenter},
  journal = 	 jcp,
  year = 	 {1973},
  volume = 	 {59},
  pages = 	 {3125}
}

@Article{jmljradcpl24,
  author = 	 {J.~M.~L.~J.~Reinartz and A.~Dymanus},
  journal = 	 cpl,
  year = 	 {1974},
  volume = 	 {24},
  pages = 	 {346}
}

@Article{wfmjcp67,
  author = 	 {W.~F.~Murphy},
  journal = 	 jcp,
  year = 	 {1977},
  volume = 	 {67},
  pages = 	 {5877}
}

@Article{ttymjms33,
  author = 	 {T.~Tanaka and Y.~Morino},
  journal = 	 {J.~Mol.~Spectrosc.},
  year = 	 {1970},
  volume = 	 {33},
  pages = 	 {538}
}

@Article{jwcchanfrpr136,
  author = 	 {J.~W.~Cederberg and C.~H.~Anderson and N.~F.~Ramsey},
  journal = 	 pr,
  year = 	 {1964},
  volume = 	 {136},
  pages = 	 {A960}
}

@Article{lacjhmnfrpra19,
  author = 	 {L.~A.~Cohen and J.~H.~Martin and N.~F.~Ramsey},
  journal = 	 pra,
  year = 	 {1979},
  volume = 	 {19},
  pages = 	 {433}
}

@Article{wlmssadcp19,
  author = 	 {W.~L.~Meerts and S.~Stolte and A.~Dymanus},
  journal = 	 cp,
  year = 	 {1977},
  volume = 	 {19},
  pages = 	 {467}
}

@ARTICLE{vpezaac249,
        AUTHOR = {V.~P.~Ehrlich},
        JOURNAL = {Z.~Anorg.~Allg.~Chem.},
        VOLUME = 249 ,
        YEAR = 1942 ,
        PAGES = 219 }

@ARTICLE{bfpjjbjothhjajjcp97,
        AUTHOR = {B.~Fernandez and P.~J{\o}rgensen and J.~Byberg and
                  J.~Olsen and T.~Helgaker and H.~J.~Aa.~Jensen},
        JOURNAL = jcp ,
        VOLUME = 97 ,
        YEAR = 1992 ,
        PAGES = 3412 }

@ARTICLE{bfpjcpl232,
        AUTHOR = {B.~Fernandez and P.~J{\o}rgensen},
        JOURNAL = cpl ,
        VOLUME = 232 ,
        YEAR = 1995 ,
        PAGES = 463 }

@ARTICLE{cjcwhmjcp75,
        AUTHOR = {C.~J.~Cerjan and W.~H.~Miller},
        JOURNAL = jcp ,
        VOLUME = 75 ,
        YEAR = 1981 ,
        PAGES = 2800 }

@ARTICLE{kvmachahjajjcp103,
        AUTHOR = {K.~V.~Mikkelsen and A.~Cesar and H.~{\AA}gren and
                  H.~J.~Aa.~Jensen},
        JOURNAL = jcp ,
        VOLUME = 103 ,
        YEAR = 1995 ,
        PAGES = 9010 }

@ARTICLE{wtrrrmp37,
        AUTHOR = {W.~T.~Raynes and R.~Ratcliffe},
        JOURNAL = mp ,
        VOLUME = 37 ,
        YEAR = 1979 ,
        PAGES = 571 }

@ARTICLE{kddwjhjcc7,
        AUTHOR = {K.~D.~Dobbs and W.~J.~Hehre},
        JOURNAL = jcc ,
        VOLUME = 7 ,
        YEAR = 1986 ,
        PAGES = 359 }

@Article{pezp45,
  author = 	 {P.~Ehrenfest},
  journal = 	 {Z.~Phys.},
  year = 	 {1927},
  volume = 	 {45},
  pages = 	 {455}
}

@Article{dlypjcpl65,
  author = 	 {D.~L.~Yeager and P.~J{\o}rgensen},
  journal = 	 cpl,
  year = 	 {1979},
  volume = 	 {65},
  pages = 	 {77}
}

@Article{edjcp72,
  author = 	 {E.~Dalgaard},
  journal = 	 jcp,
  year = 	 {1980},
  volume = 	 {72},
  pages = 	 {816}
}

@Article{hkpjjcp93,
  author = 	 {H.~Koch and P.~J{\o}rgensen},
  journal = 	 jcp,
  year = 	 {1990},
  volume = 	 {93},
  pages = 	 {3333}
}

@Article{chocpjcpl282,
  author = 	 {C.~H\"{a}ttig and O.~Christiansen and P.~J{\o}rgensen},
  journal = 	 cpl,
  year = 	 {1998},
  key = 	 {Frequency-dependent second-hyperpolarizabilities
                  using coupled cluster response theory},
  volume = 	 {282},
  pages = 	 {139}
}

@Article{jgusracdhsjacs115,
  author = 	 {J.~Gauss and U.~Schneider and R.~Ahlrichs and
                  C.~Dohmeier and H.~Schn\"{o}ckel},
  journal = 	 jacs,
  year = 	 {19993},
  volume = 	 {115},
  pages = 	 {2402}
}

@Article{mzbspnpjcp89,
  author = 	 {M.~Zhao and B.~Singh and P.~N.~Prasad},
  journal = 	 jcp,
  year = 	 {1988},
  volume = 	 {89},
  pages = 	 {5535}
}

@ARTICLE{kddwjhjcc8-1,
        AUTHOR = {K.~D.~Dobbs and W.~J.~Hehre},
        JOURNAL = jcc ,
        VOLUME = 8 ,
        YEAR = 1987 ,
        PAGES = 861 }

@ARTICLE{kddwjhjcc8-2,
        AUTHOR = {K.~D.~Dobbs and W.~J.~Hehre},
        JOURNAL = jcc ,
        VOLUME = 8 ,
        YEAR = 1987 ,
        PAGES = 880 }

@ARTICLE{pmwgbgjjapmjfcpl197,
        AUTHOR = {P.~M.~W.~Gill and B.~G.~Johnson and J.~A.~Pople and
                  M.~J.~Frisch},
        JOURNAL = cpl ,
        VOLUME = 197 ,
        YEAR = 1992 ,
        PAGES = 499 }

@Article{akwtvmthdjms388,
  author = 	 {A.~K.~Wilson and T.~{\mbox van Mourik} and T.~H.~{\mbox Dunning Jr.}},
  journal = 	 {J.~Mol.~Struct.~(THEOCHEM)},
  year = 	 {1996},
  key = 	 {Gaussian basis sets for use in correlated molecular calculations. VI. Sextuple-zeta correlation-consistent sets for boron through neon},
  volume = 	 {388},
  pages = 	 {339}
}

@ARTICLE{rdwjhjapjcp54,
        AUTHOR = {R.~Ditchfield and W.~J.~Hehre and J.~A.~Pople},
        JOURNAL = jcp ,
        VOLUME = 54 ,
        YEAR = 1971 ,
        PAGES = 724 }

@ARTICLE{jddjapjcp62,
        AUTHOR = {J.~D.~Dill and J.~A.~Pople},
        JOURNAL = jcp ,
        VOLUME = 62 ,
        YEAR = 1975 ,
        PAGES = 2921 }

@Article{rsrdbjctmrlwfdjpc95,
  author = 	 {R.~S.~Ruoff and D.~Beach and J.~Cuomo and T.~McGuire
                  and R.~L.~Whetten and F.~Diederich},
  journal = 	 jpc,
  year = 	 {1991},
  volume = 	 {95},
  pages = 	 {3457}
}

@Article{jspjtuhcp86,
  author = 	 {J.~Simons and P.~J{\o}rgensen and T.~U.~Helgaker},
  journal = 	 cp,
  year = 	 {1984},
  key = 	 {Higher Molecular-Deformation Derivatives of the
                  Configuration-Interaction Energy},
  volume = 	 {86},
  pages = 	 {413}
}

@Article{wjbhjbdjctjdjphhwkrtdrmwprl67,
  author = 	 {W.~J.~Blau and H.~J.~Byrne and D.~J.~Cardin and
                  T.~J.~Dennis and J.~P.~Hare and H.~W.~Kroto and
                  R.~Taylor and D.~R.~M.~Walton},
  journal = 	 prl,
  year = 	 {1991},
  volume = 	 {67},
  pages = 	 {1423}
}

@Article{rjkjppprl68,
  author = 	 {R.~J.~Knize and J.~P.~Partanen},
  journal = 	 prl,
  year = 	 {1992},
  volume = 	 {68},
  pages = 	 {2704}
}

@Article{zhkfjbjrlrgspprl68,
  author = 	 {Z.~H.~Kafafi and F.~J.~Bartoli and J.~R.~Lindle and
                  R.~G.~S.~Pong}, 
  journal = 	 prl,
  year = 	 {1992},
  volume = 	 {68},
  pages = 	 {2705}
}

@Book{vimmngbys,
  author = 	 {V.~I.~Minkin and M.~N.~Glukhovtsev and B.~{\mbox
                  Ya}.~Simkin}, 
  publisher = 	 {J.~Wiley \& Sons Ltd.},
  year = 	 {1994},
  title =        {Aromaticity and Antiaromaticity. Electronic and
                  Structural Aspects}
}

@Article{rpfpr56,
  author = 	 {R.~P.~Feynman},
  journal = 	 {Phys.~Rev.},
  year = 	 {1939},
  volume = 	 {56},
  pages = 	 {340}
}

@Book{hhbook,
  author = 	 {H.~Hellmann},
  title = 	 {Einf\"{u}hrung in die Quantenchemie},
  publisher = 	 {Deuticke},
  year = 	 {1937},
  address = 	 {Leipzig}
}

@Article{hnkkmhtyjcp77,
  author = 	 {H.~Nakatsuji and K.~Kanda and M.~Hada and T.~Yonezawa}, 
  journal = 	 jcp,
  year = 	 {1982},
  volume = 	 {77},
  pages = 	 {3109}
}

@Article{hnkkmhtyjcp79,
  author = 	 {H.~Nakatsuji and K.~Kanda and M.~Hada and T.~Yonezawa}, 
  journal = 	 jcp,
  year = 	 {1983},
  volume = 	 {79},
  pages = 	 {2493}
}

@Article{hnkktyjcp77,
  author = 	 {H.~Nakatsuji and K.~Kanda and T.~Yonezawa},
  journal = 	 jcp,
  year = 	 {1982},
  volume = 	 {77},
  pages = 	 {1961}
}

@BOOK{jzfullbook,
        AUTHOR = {J.~Cioslowski},
        TITLE = {Electronic Structure Calculations on Fullerenes and
                  Their Derivatives},
        PUBLISHER = {Oxford University Press},
        YEAR = 1995 }

@BOOK{barronbook,
        AUTHOR = {L.~D.~Barron},
        TITLE = {Molecular light scattering and optical activity},
        PUBLISHER = {Cambridge University Press},
        ADDRESS = {Cambridge},
        YEAR = 1982 }

@BOOK{Fletcher,
        AUTHOR = {R.~Fletcher},
        TITLE = {Practical Methods of Optimization Vol.1 -
                  Unconstrained Optimization}, 
        PUBLISHER = {J.~Wiley \& Sons Ltd.},
        ADDRESS = {New York},
        YEAR = 1981 }

@ARTICLE{bfocobpjkvmjcp104,
        AUTHOR = {B.~Fernandez and O.~Christiansen and O.~Bludsky and
                  P.~J{\o}rgensen and K.~V.~Mikkelsen},
        JOURNAL = jcp ,
        VOLUME = 104 ,
        YEAR = 1996 ,
        PAGES = 629 }

@ARTICLE{VRML,
        AUTHOR = {A.~J.~Robinson},
        JOURNAL = {Chem.~Design Automat.~News},
        VOLUME = 10 ,
        YEAR = 1995 ,
        PAGES = 50 }

@ARTICLE{Baker,
        AUTHOR = {J.~Baker},
        JOURNAL = jcc ,
        VOLUME = 14 ,
        YEAR = 1993 ,
        PAGES = 1085 }

@ARTICLE{haovhkpjthjcp98,
        AUTHOR = {H.~{\AA}gren and O.~Vahtras and H.~Koch and
                  P.~J{\o}rgensen and T.~Helgaker},
        JOURNAL = jcp ,
        VOLUME = 98 ,
        YEAR = 1993 ,
        PAGES = 6417 }

@ARTICLE{Schlegel,
        AUTHOR = {H.~B.~Schlegel},
        JOURNAL = jcc ,
        VOLUME = 3 ,
        YEAR = 1982 ,
        PAGES = 214 }

@ARTICLE{hjajpjhajojcp88,
        AUTHOR = {H.~J.~Aa.~Jensen and P.~J{\o}rgensen and H.~{\AA}gren and
                  J.~Olsen},
        JOURNAL = jcp ,
        VOLUME = 88 ,
        YEAR = 1988 ,
        PAGES = 3834 ,
        NOTE = {Erratum {\bf 89}, 5354 (1988)} }

@ARTICLE{hjajpjhajcp87,
        AUTHOR = {H.~J.~Aa.~Jensen and P.~J{\o}rgensen and H.~{\AA}gren},
        JOURNAL = jcp ,
        VOLUME = 87 ,
        YEAR = 1987 ,
        PAGES = 451 }

@ARTICLE{ipcpl245,
        AUTHOR = {I.~Panas},
        key = {Aspects of density functional theory in ab initio
                  quantum chemistry: external correlation for free},
        JOURNAL = cpl ,
        VOLUME = 245 ,
        YEAR = 1995 ,
        PAGES = 171 }

@article{haovbmaqc27,
   key={
      Response theory and calculations of spin-orbit coupling phenomena in
      molecules
      },
   author={
      Hans {\AA}gren 
      and Olav Vahtras
      and Boris Minaev
      },
   journal={Adv.~ Quantum Chem.},
   volume=27,
   pages=71,
   year=1996
   }

@ARTICLE{erdjcp17,
        AUTHOR = {E.~R.~Davidson},
        JOURNAL = {J.~Comput.~Phys.},
        VOLUME = 17 ,
        YEAR = 1975 ,
        PAGES = 87 }

@ARTICLE{cwbjcp72,
        AUTHOR = {C.~W.~Bauschlicher},
        JOURNAL = jcp ,
        VOLUME = 72 ,
        YEAR = 1980 ,
        PAGES = 880 }

@ARTICLE{kkwbmjjpbamop22,
        AUTHOR = {K.~Kaufman and W.~Baumeister and M.~Jungen},
        TITLE  = {Universal Gaussian basis sets for an optimum representation of
                  Rydberg and continuum wavefunctions},
        JOURNAL = {J.~Phys.~{\bf B}: Am.~Mol.~Opt.~Phys.},
        VOLUME = 22 ,
        YEAR = 1989 ,
        PAGES = 2223 }

@ARTICLE{CMRefe,
        AUTHOR = {A.~ Cotton and H.~ Mouton}, 
        YEAR = 1905, 
        JOURNAL = {Compt.~ Rend.~ Acad.~ Sci., (Paris)}, 
        VOLUME = 141,
        PAGES = 317}

@ARTICLE{adbjapppsb69,
        AUTHOR = {A.~D.~Buckingham and J.~A.~Pople},
        JOURNAL = {Proc.~Phys.~Soc.~ {\bf B}},
        VOLUME = 69 ,
        YEAR = 1956 ,
        PAGES = 1133 }

@ARTICLE{bflcgbjcp65,
	AUTHOR = {B.~F.~Levine and C.~G.~Bethea},
	JOURNAL = jcp ,
	VOLUME = 65 ,
	YEAR = 1976 ,
	PAGES = 2429 }

@ARTICLE{jfwckmpra19,
	AUTHOR = {J.~F.~Ward and C.~K.~Miller},
	JOURNAL = pra ,
	VOLUME = 19 ,
	YEAR = 1979 ,
	PAGES = 826 }

@Article{dbckdmjcc10,
  author = 	 {D.~B.~Chesnut and K.~D.~Moore},
  journal = 	 jcc,
  year = 	 {1989},
  volume = 	 {10},
  pages = 	 {648}
}

@Article{vspcjms87,
  author = 	 {V.~\v{S}pirko and P.~Carsky},
  journal = 	 {J.~Mol.~Spectrosc.},
  year = 	 {1981},
  volume = 	 {87},
  pages = 	 {584}
}

@Article{ppvswpkjms136,
  author = 	 {P.~Pracna and V.~\v{S}pirko and W.~P.~Kraemer},
  journal = 	 {J.~Mol.~Spectrosc.},
  year = 	 {1989},
  volume = 	 {136},
  pages = 	 {317}
}

@ARTICLE{dbccpl246,
	AUTHOR = {D.~B.~Chesnut},
	JOURNAL = cpl ,
	VOLUME = 246 ,
	YEAR = 1995 ,
	PAGES = 235 }

@ARTICLE{jgkjcp2,
	AUTHOR = {J.~G.~Kirkwood},
	JOURNAL = jcp ,
	VOLUME = 2 ,
	YEAR = 1934 ,
	PAGES = 351 }

@ARTICLE{cmlhakvmhjajjcp90,
	AUTHOR = {C.~Medina-Llanos and H.~{\AA}gren and K.~V.~Mikkelsen
	and H.~J.~Aa.~Jensen},
	JOURNAL = jcp ,
	VOLUME = 90 ,
	YEAR = 1989 ,
	PAGES = 6422 }

@ARTICLE{nfrpra1,
	AUTHOR = {N.~F.~Ramsey},
	JOURNAL = pra ,
	VOLUME = 1 ,
	YEAR = 1970 ,
	PAGES = 1320 }

@inproceedings{wtrenc,
   AUTHOR ="W.~T.~Raynes",
   BOOKTITLE="Encyclopaedia of NMR",
   PAGES  =1846,
   EDITOR ={D.~M.~Grant  and R.~K.~Harris},
   PUBLISHER={J.~Wiley \& Sons Ltd.},
   YEAR   =1996}

@MISC{pndjhaar96,
	AUTHOR = {P.~Norman and D.~Jonsson and H.~\AA gren and A.~Rizzo}, 
	NOTE = {To be submitted}}

@ARTICLE{mrijp4,
	AUTHOR = {M.~Ramanadham}, 
	JOURNAL = {Indian J.~ Phys.},
	VOLUME = 4 ,
	YEAR = 1929, 
	PAGES = 15}

@ARTICLE{nfras49,
	AUTHOR = {N.~F.~Ramsey},
	JOURNAL = {Amer.~Sci.},
	VOLUME = 49 ,
	YEAR = 1961 ,
	PAGES = 509 }

@ARTICLE{iolncnfrjcp49,
	AUTHOR = {I.~Ozier and L.~M.~Crapo and N.~F.~Ramsey},
	JOURNAL = jcp ,
	VOLUME = 49 ,
	YEAR = 1968 ,
	PAGES = 2314 }

@ARTICLE{cjjjcp66,
	AUTHOR = {C.~J.~Jameson},
	JOURNAL = jcp ,
	VOLUME = 66 ,
	YEAR = 1977 ,
	PAGES = 4977 }

@ARTICLE{rakaehijqc57,
   AUTHOR ="R.~A.~Kirby and Aa.~E.~Hansen",
   JOURNAL=ijqc,
   VOLUME =57,
   PAGES  =199,
   YEAR   =1996}

@ARTICLE{tejomp86,
   AUTHOR ="T.~Enevoldsen and J.~Oddershede",
   JOURNAL=mp,
   VOLUME =86,
   PAGES  =235,
   YEAR   =1995 }

@ARTICLE{cmsrdanchmp77,
	AUTHOR = {C.~M.~Smith and R.~D.~Amos and N.~C.~Handy},
	JOURNAL = mp ,
	VOLUME = 77 ,
	YEAR = 1992 ,
	PAGES = 381 }

@InCollection{cjjzmb91,
  author = 	 {C.~J.~Jameson},
  booktitle = 	 {Theoretical Models of Chemical Bonding. Part
                  3. Molecular Spectroscopy, Electronic Structure, and
                  Intramolecular Interactions},
  publisher = {Springer, Berlin},
  year = 	 {1991},
  editor = 	 {Z.~B.~Maksic},
  pages = 	 {457},
}

@article{wtrjgjoijqc52,
   AUTHOR ="W.~T.~Raynes and J.~Geertsen and J.~Oddershede",
   JOURNAL=ijqc,
   VOLUME =52,
   PAGES  =153,
   YEAR   =1994
}

@Article{bsspjmr7,
  author = 	 {B.~Sredni and S.~Pinchas},
  journal = 	 jmr,
  year = 	 {1972},
  volume = 	 {7},
  pages = 	 {289}
}

@Article{jrhdkwcdjcp37,
  author = 	 {J.~R.~Holmes and D.~Kivelson and W.~C.~Drinkard},
  journal = 	 jcp,
  year = 	 {1962},
  volume = 	 {37},
  pages = 	 {150}
}


@ARTICLE{aefmajcp47,
	AUTHOR = {A.~E.~Florin and M.~{\mbox Alei Jr.}},
	JOURNAL = jcp ,
	VOLUME = 47 ,
	YEAR = 1967 ,
	PAGES = 4268 }

@ARTICLE{lmrrcwbcgcpl52,
	AUTHOR = {L.~M.~Ryan and R.~C.~Wilson and B.~C.~Gerstein},
	JOURNAL = cpl ,
	VOLUME = 52 ,
	YEAR = 1977 ,
	PAGES = 341 }

@Article{wkrdpbddejcp71,
  author = 	 {W.~K.~Rhim and D.~P.~Burum and D.~D.~Elleman},
  journal = 	 jcp,
  year = 	 {1979},
  volume = 	 {71},
  pages = 	 {3139}
}

@Article{kthittjcp87,
  author = 	 {K.~Tanaka and H.~Ito and T.~Tanaka},
  journal = 	 jcp,
  year = 	 {1987},
  volume = 	 {87},
  pages = 	 {1557}
}

@InCollection{admtpirs1975,
  author = 	 {A.~Dymanus},
  booktitle = 	 {MTP International Review of Science, Physical
                  Chemistry Series 2}, 
  pages = 	 {127},
  publisher = {Butterworths},
  year = 	 {1975},
  editor = 	 {A.~D.~Buckingham},
  address = 	 {London}
}

@Article{gdzwjmjcfmdjdcjp55,
  author = 	 {G.~D.~Zeiss and W.~J.~Meath and J.~C.~F.~MacDonald
                  and D.~J.~Dawson},
  journal = 	 {Can.~J.~Phys.},
  year = 	 {1977},
  volume = 	 {55},
  pages = 	 {2080}
}

@Article{ccmcptrsla213,
  author = 	 {C.~Cuthbertson and M.~Cuthbertson},
  journal = 	 {Phil.~Trans.~R.~Soc.~Lond.~{\bf A}},
  year = 	 {1913},
  volume = 	 {213},
  pages = 	 {1}
}

@PhdThesis{rikphd,
  author = 	 {R.~I.~Keir},
  school = 	 {University of New England, Armidale, NSW,
                  Australia}, 
  year = 	 {1995}
}

@Article{njbadbprsla295,
  author = 	 {N.~J.~Bridge and A.~D.~Buckingham},
  journal = 	 {Proc.~R.~Soc.~Lond.~{\bf A}},
  year = 	 {1966},
  volume = 	 {295},
  pages = 	 {334}
}

@Article{uhmp81,
  author = 	 {U.~Hohm},
  journal = 	 mp,
  year = 	 {1994},
  volume = 	 {81},
  pages = 	 {157}
}

@Article{hewklrprsla156,
  author = 	 {H.~E.~Watson and K.~L.~Ramaswamy},
  journal = 	 {Proc.~R.~Soc.~Lond.~{\bf A}},
  year = 	 {1936},
  volume = 	 {156},
  pages = 	 {144}
}

@Article{apdjrsvmmprl36,
  author = 	 {A.~Pines and D.~J.~Ruben and S.~Vega and M.~Mehring},
  journal = 	 prl,
  year = 	 {1976},
  volume = 	 {36},
  pages = 	 {110}
}

@ARTICLE{dpbwkrjcp70,
	AUTHOR = {D.~P.~Burum and W.~K.~Rhim},
	JOURNAL = jcp ,
	VOLUME = 70 ,
	YEAR = 1979 ,
	PAGES = 3553 }

@ARTICLE{smesjtcp55,
	AUTHOR = {S.~Miertu\v{s} and E.~Scrocco and J.~Tomasi},
	JOURNAL = cp ,
	VOLUME = 55 ,
	YEAR = 1981 ,
	PAGES = 117 }

@ARTICLE{jlpaesjtrbjcc8,
	AUTHOR = {J.~L.~{\mbox Pascual-Ahuir} and E.~Silla and J.~Tomasi
	and R.~Bonaccorsi},
	JOURNAL = jcc ,
	VOLUME = 8 ,
	YEAR = 1987 ,
	PAGES = 778 }

@MISC{koshkvmdjpnha,
        AUTHOR = {K.~O.~Sylvester-Hvid and K.~V.~Mikkelsen and D.~Jonsson
                  and P.~Norman and H.~\AA gren},
        NOTE = {J.~Chem.~Phys., accepted.}}

@MISC{ahhkpjocimbnthtca,
        AUTHOR = {A.~Halkier and H.~Koch and P.~J{\o}rgensen and
                  O.~Christiansen and I.~M.~B.~Nielsen and
                  T.~Helgaker},
        NOTE = {Theor.~Chem.~Acc., accepted.}}

@Article{kvmzpc170,
  author = 	 {K.~V.~Mikkelsen},
  journal = 	 {Z.~Phys.~Chem.},
  year = 	 {1991},
  volume = 	 {170},
  pages = 	 {129}
}

@Article{hjkjthjcp96,
  author = 	 {H.~J.~Kim and J.~T.~Hynes},
  journal = 	 jcp,
  year = 	 {1992},
  volume = 	 {96},
  pages = 	 {5088}
}

@Article{jngdchjkjthjpc96,
  author = 	 {J.~N.~Gehlen and D.~Chandler and H.~J.~Kim and J.~T.~Hynes},
  journal = 	 jpc,
  year = 	 {1992},
  volume = 	 {96},
  pages = 	 {1748}
}

@Article{hjkjthjcp93,
  author = 	 {H.~J.~Kim and J.~T.~Hynes},
  journal = 	 jcp,
  year = 	 {1990},
  volume = 	 {93},
  pages = 	 {5194}
}

@Article{bufjcp67,
  author = 	 {B.~U.~Felderhof},
  journal = 	 jcp,
  year = 	 {1977},
  volume = 	 {67},
  pages = 	 {493}
}

@Article{sljthjcp88,
  author = 	 {S.~Lee and J.~T.~Hynes},
  journal = 	 jcp,
  year = 	 {1988},
  volume = 	 {88},
  pages = 	 {6853}
}

@Article{maafjovjtjcp98,
  author = 	 {M.~A.~Aguilar and F.~J.~O.~{\mbox del Valle} and
                  J.~Tomasi},
  journal = 	 jcp,
  year = 	 {1993},
  volume = 	 {98},
  pages = 	 {7375}
}

@Article{ramjpc96,
  author = 	 {R.~A.~Marcus},
  journal = 	 jpc,
  year = 	 {1992},
  volume = 	 {96},
  pages = 	 {1753}
}

@Article{ramjcp24,
  author = 	 {R.~A.~Marcus},
  journal = 	 jcp,
  year = 	 {1956},
  volume = 	 {24},
  pages = 	 {979}
}

@Article{jjmp5,
  author = 	 {J.~Jortner},
  journal = 	 mp,
  year = 	 {1962},
  volume = 	 {5},
  pages = 	 {257}
}

@ARTICLE{kvmedpsjpc91,
        AUTHOR = {K.~V.~Mikkelsen and E.~Dalgaard and P.~Swanstr{\o}m},
        JOURNAL = jpc ,
        VOLUME = 91 ,
        YEAR = 1987 ,
        PAGES = 3081 }

@ARTICLE{hhhjajpjjojcp97,
	AUTHOR = {H.~Hettema and H.~J.~Aa.~Jensen and P.~J{\o}rgensen and
	J.~Olsen},
	KEY = {} ,
	JOURNAL = jcp ,
	VOLUME = 97 ,
	YEAR = 1992 ,
	PAGES = 1174 }

@ARTICLE{ymkktmic8,
	AUTHOR = {Y.~Morino and K.~Kuchitsu and T.~Moritani},
	KEY = {},
	JOURNAL = ic ,
	VOLUME = 8 ,
	YEAR = 1969 ,
	PAGES = 867 }

@ARTICLE{ajstca79,
	AUTHOR = {A.~J.~Sadlej},
	JOURNAL = tca ,
	VOLUME = 79 ,
	YEAR = 1991 ,
	PAGES = 123 }

@ARTICLE{whc48,
        AUTHOR = {W.~Hug},
        KEY = {Vibrational Raman Optical Activity Comes of Age},
        JOURNAL = {Chimia},
        VOLUME = 48 ,
        YEAR = 1994 ,
        PAGES = 386 }

@ARTICLE{whaciee5,
	AUTHOR = {W.~Haberditzl},
	JOURNAL = aciee ,
	VOLUME = 5 ,
	YEAR = 1966 ,
	PAGES = 288 }

@INCOLLECTION{thesqc91,
	AUTHOR = {T.~Helgaker},
	EDITOR = {B.~O.~Roos},
	TITLE = {Optimization of minima and saddle points},
	BOOKTITLE = {European Summerschool in Quantum Chemistry},
	SERIES = {Lecture Notes in Chemistry},
	PUBLISHER = {Springer-Verlag},
	ADDRESS = {Heidelberg, Germany},
	YEAR = 1992 ,
	PAGES = 295 }


@INCOLLECTION{prtesqc,
	AUTHOR = {P.~R.~Taylor},
	EDITOR = {B.~O.~Roos},
	TITLE = {Coupled-cluster Methods in Quantum Chemistry},
	BOOKTITLE = {European Summerschool in Quantum Chemistry},
	SERIES = {Lecture Notes in Chemistry},
	PUBLISHER = {Springer-Verlag},
	ADDRESS = {Heidelberg, Germany},
	YEAR = 1992 }

@Article{fehijqc11,
  author = 	 {F.~E.~Harris},
  journal = 	 ijqcqcs,
  year = 	 {1977},
  volume = 	 {11},
  pages = 	 {403}
}

@INCOLLECTION{mrhhfsnatoasic166,
	AUTHOR = {M.~R.~Hoffmann and {\mbox H.~F.~Schaefer~III}},
	EDITOR = {P.~J{\o}rgensen and J.~Simons},
	TITLE = {},
	BOOKTITLE = {Geometrical Derivatives of Energy Surfaces and
	             Molecular Properties},
	SERIES = {NATO ASI},
	PUBLISHER = {D.~Reidel},
	ADDRESS = {Dordrecht, Holland},
	YEAR = 1986 ,
	PAGES = 63 }

@ARTICLE{dhswhftcc63,
        AUTHOR = {D.~H.~Sutter and W.~H.~Flygare},
        KEY = {},
        JOURNAL = {Top.~Curr.~Chem.},
        VOLUME = 63 ,
        YEAR = 1976 ,
        PAGES = 91 }

@ARTICLE{aclpdawhfjacs102,
        AUTHOR = {A.~C.~Legon and P.~D.~Aldrich and W.~H.~Flygare},
        JOURNAL = jacs ,
        VOLUME = 102 ,
        YEAR = 1980 ,
        PAGES = 7584 }

@ARTICLE{placzek,
        AUTHOR = {G.~Placzek},
        PAGES = 205 ,
        YEAR = 1934 ,
        JOURNAL = {Handbuch der Radiologie},
        VOLUME = {6(2)} }

@ARTICLE{jhwacp85,
	AUTHOR = {J.~H.~Williams},
	PAGES = 361 ,
	YEAR = 1993 ,
	JOURNAL = {Adv.~Chem.~Phys.},
	VOLUME = {85(2)} }

@ARTICLE{mjarpjtca90,
	AUTHOR = {M.~Jaszu\'{n}ski and A.~Rizzo and P.~J{\o}rgensen},
	JOURNAL = tca ,
	VOLUME = 90 ,
	YEAR = 1995 ,
	PAGES = 291 }
	
@ARTICLE{rdmp27,
	AUTHOR = {R.~Ditchfield},
	KEY = {}, 
	JOURNAL = mp ,
	VOLUME = 27 ,
	YEAR = 1974 ,
	PAGES = 789 }

@INCOLLECTION{hjajhajomotecc,
	AUTHOR = {H.~J.~Aa.~Jensen and H.~{\AA}gren and J.~Olsen},
	EDITOR = {E.~Clementi},
	TITLE = {\sir : a General-purpose Direct Second-order MCSCF
	         Program},
	BOOKTITLE = {Modern Techniques in Computational Chemistry},
	PUBLISHER = {ESCOM},
	YEAR = 1991 ,
	ADDRESS = {Leiden}}

@INCOLLECTION{whlnmeab76,
	AUTHOR = {W.~Haberditzl},
	EDITOR = {L.~N.~Mulay and E.~A.~Boudreaux},
	TITLE = {},
	BOOKTITLE = {Theory and Applications of Molecular
	             Diamagnetism},
	PUBLISHER = {J.~Wiley \& Sons Ltd.},
	YEAR = 1976 ,
	PAGES = 59 }

@ARTICLE{vcgttfs49,
	AUTHOR = {V.~C.~G.~Trew},
	JOURNAL = tfs ,
	VOLUME = 49 ,
	YEAR = 1953 ,
	PAGES = 604 }

@PHDTHESIS{frphd,
	AUTHOR = {F.~Reichel},
	TITLE = {Ab initio Berechnungen kernresonanzspektroskopischer
	Verschiebungen von Molek\"{u}len in Gas- und
	L\"{o}sungsmittelphasen},
	SCHOOL = {Universit\"{a}t zu K\"{o}ln},
	YEAR = 1991 }

@PHDTHESIS{cvwphd,
	AUTHOR = {C.~van W\"{u}llen},
	TITLE = {},
	SCHOOL = {Ruhr-Universit\"{a}t Bochum},
	YEAR = 1992 }

@PHDTHESIS{spieckermanphd,
	AUTHOR = {J.~Spieckermann},
	TITLE = {},
	SCHOOL = {Univ.~of Kiel},
	YEAR = 1991 }

@ARTICLE{fljpr8,
	AUTHOR = {F.~London},
	JOURNAL = {J.~Phys.~Radium},
	VOLUME = 8 ,
	YEAR = 1937 ,
	PAGES = 397 }

@ARTICLE{hfhmp1,
	AUTHOR = {H.~F.~Hameka},	
	JOURNAL = mp ,
	VOLUME = 1 ,
	YEAR = 1958 ,
	PAGES = 203 }

@ARTICLE{hfhzna14,
	AUTHOR = {H.~F.~Hameka},
	JOURNAL = zna ,
	VOLUME = 14 ,
	YEAR = 1959 ,
	PAGES = 599 }

@ARTICLE{hfhrmp34,
	AUTHOR = {H.~F.~Hameka},
	JOURNAL = {Rev.~Mod.~Phys.},
	VOLUME = 34 ,
	YEAR = 1962 ,
	PAGES = 87 }

@ARTICLE{wkijc19,
	AUTHOR = {W.~Kutzelnigg},
	JOURNAL = {Isr.~J.~Chem.},
	VOLUME = 19 ,
	YEAR = 1980 ,
	PAGES = 193 }

@Article{jldmp28,
  author = 	 {J.~L.~Duncan},
  journal = 	 mp,
  year = 	 {1974},
  volume = 	 {28},
  pages = 	 {1177}
}

@ARTICLE{rakthdrjhjcp96,
	AUTHOR = {R.~A.~Kendall and T.~H.~{\mbox Dunning Jr.} and R.~J.~Harrison},
	JOURNAL = jcp ,
	VOLUME = 96 ,
	YEAR = 1992 ,
	PAGES = 6796 }

@Article{mrbchajpnfrbaps6,
  author = 	 {M.~R.~Baker and C.~H.~Anderson and J.~Pinkerton and
                  N.~F.~Ramsey}, 
  journal = 	 {Bull.~Am.~Phys.~Soc.},
  year = 	 {1961},
  volume = 	 {6},
  pages = 	 {19}
}

@MISC{abacusref,
	AUTHOR = {T.~Helgaker and K.~L.~Bak and H.~J.~Aa.~Jensen and
	          P.~J{\o}rgensen and R.~Kobayashi and H.~Koch and
	          K.~Mikkelsen and J.~Olsen and K.~Ruud and P.~R.~Taylor
	          and O.~Vahtras},
	NOTE = {"ABACUS, a second-order MCSCF molecular property
	        program"} }

@Article{mbrewprsa270,
  author = 	 {M.~Blume and R.~E.~Watson},
  journal = 	 {Proc.~Roy.~Soc.~{\bf A}},
  year = 	 {1962},
  volume = 	 {270},
  pages = 	 {127}
}

@Article{mbrewprsa271,
  author = 	 {M.~Blume and R.~E.~Watson},
  journal = 	 {Proc.~Roy.~Soc.~{\bf A}},
  year = 	 {1963},
  volume = 	 {271},
  pages = 	 {565}
}

@MISC{siriusref,
	AUTHOR = {H.~J.~Aa.~Jensen and H.~{\AA}gren},
	NOTE = {"SIRIUS, a program for calculation of MCSCF wave
	        functions"} }

@MISC{hermitref,
	AUTHOR = {T.~Helgaker and P.~R.~Taylor and K.~Ruud and O.~Vahtras
	          and H.~Koch},
	NOTE = {"HERMIT, a molecular integral program"} }

% Gaussian 94 from Cheeseman...
@MISC{gaussianref,
   AUTHOR ="  M.~J.~Frisch and  G.~W.~Trucks and  H.~B.~Schlegel and
P.~M.~W.~Gill and   B.~G.~Johnson and  M.~A.~Robb and  J.~R.~Cheeseman and
T.~Keith and  G.~A.~Petersson and  J.~A.~Montgomery and  K.~Raghavachari and
M.~A.~Al-Laham and  V.~G.~Zakrzewski and  J.~V.~Ortiz and  J.~B.~Foresman and
J.~Cioslowski and  B.~B.~Stefanov and  A.~Nanayakkara and  M.~Challacombe and
C.~Y.~Peng and  P.~Y.~Ayala and  W.~Chen and  M.~W.~Wong and  J.~L.~Andres and
E.~S.~Replogle and  R.~Gomperts and  R.~L.~Martin and  D.~J.~Fox and
J.~S.~Binkley and  D.~J.~Defrees and  J.~Baker and  J.~P.~Stewart and
M.~Head-Gordon and  C.~Gonzalez and J.~A.~Pople ",
   TITLE = " Gaussian 94, Revision C.2",
   PUBLISHER={Gaussian, Inc. Pittsburgh, PA},
   YEAR   =1995,
}

@Article{mzijqc35,
  author = 	 {M.~Zerner},
  journal = 	 ijqc,
  year = 	 {1991},
  volume = 	 {35},
  pages = 	 {567}
}

@TECHREPORT{huzinagaintern,
	AUTHOR = {S.~Huzinaga},
	TITLE = {Approximate Atomic Functions},
	INSTITUTION = {University of Alberta, Edmonton},
	YEAR = 1971 }

@TECHREPORT{fbvdibmrap,
	AUTHOR = {F.~B.~van Duijneveldt},
	TITLE = {{\mbox IBM Res.~ Rep.~ RJ945}},
	INSTITUTION = {},
	YEAR = 1971 }

@Article{srlerdjcp64,
  author = 	 {S.~R.~Langhoff and E.~R.~Davidson},
  journal = 	 jcp,
  year = 	 {1976},
  volume = 	 {64},
  pages = 	 {4699}
}

@ARTICLE{kfjajcc7,
	AUTHOR = {K.~F{\ae}gri and J.~Alml\"{o}f},
	JOURNAL = jcc ,
	YEAR = 1986 ,
	VOLUME = 7 ,
	PAGES = 396 }

@Article{sjhdryjcp83,
  author = 	 {S.~J.~Havriliak and D.~R.~Yarkony},
  journal = 	 jcp,
  year = 	 {1985},
  volume = 	 {83},
  pages = 	 {1168}
}

@TECHREPORT{nqvdref,
	AUTHOR = {K.~F{\ae}gri},
	TITLE = {NQvD basis sets},
	INSTITUTION = {Department of Chemistry, University of Oslo},
	YEAR = 1994 }

@Article{haovskpjcp181,
  author = 	 {H.~{\AA}gren and O.~Vahtras and S.~Knuts and
                  P.~J{\o}rgensen}, 
  journal = 	 cp,
  year = 	 {1994},
  volume = 	 {181},
  pages = 	 {291}
}

@Article{tehwwgrjcp52,
  author = 	 {T.~E.~H.~Walker and W.~G.~Richards},
  journal = 	 jcp,
  year = 	 {1970},
  volume = 	 {52},
  pages = 	 {1311}
}

@ARTICLE{rkjsbrsjapjcp72,
	AUTHOR = {R.~Krishnan and J.~S.~Binkley and R.~Seeger and
	          J.~A.~Pople},
	JOURNAL = jcp ,
	VOLUME = 72 ,
	YEAR = 1980 ,
	PAGES = 650 }

@Article{pcrjbjcp70,
  author = 	 {P.~Chandra and R.~J.~Buenker},
  journal = 	 jcp,
  year = 	 {1983},
  volume = 	 {70},
  pages = 	 {358}
}

@Article{skmsgmwsnmjpc99,
  author = 	 {S.~Kosegi and M.~S.~Gordon and M.~W.~Schmidt and
                  N.~Matsunaga}, 
  journal = 	 jpc,
  year = 	 {1995},
  volume = 	 {99},
  pages = 	 {12764}
}

@ARTICLE{mjfjapjsbjcp80,
	AUTHOR = {M.~J.~Frisch and J.~A.~Pople and J.~S.~Binkley},
	JOURNAL = jcp ,
	VOLUME = 80 ,
	YEAR = 1984 ,
	PAGES = 3265 }

@ARTICLE{jgonjtpa82-1,
	AUTHOR = {J.~G.~Oldenziel and N.~J.~Trappeniers},
	JOURNAL = {Physica {\bf A}},
	VOLUME = 82 ,
	YEAR = 1976 ,
	PAGES = 565 }

@ARTICLE{jgonjtpa82-2,
	AUTHOR = {J.~G.~Oldenziel and N.~J.~Trappeniers},
	JOURNAL = {Physica {\bf A}},
	VOLUME = 82 ,
	YEAR = 1976 ,
	PAGES = 581 }

@BOOK{jwejflhsvol11967,
	AUTHOR = {J.~W.~Emsley and J.~Feeney and L.~H.~Sutcliffe},
	TITLE = {High Resolution Nuclear Magnetic Resonance
	         Spectroscopy, Vol.1},
	PUBLISHER = {Pergamon Press, New York},
	YEAR =  1965 }

@BOOK{McQuarrie:76,
	AUTHOR = {D.~A.~McQuarrie},
	TITLE = {Statistical Mechanics},
	PUBLISHER = {Harper Collins},
	ADDRESS = {New York},
	YEAR = 1976 }

@BOOK{pjjs,
	AUTHOR = {P.~J{\o}rgensen and J.~Simons},
	TITLE = {Second Quantization-Based Methods in Quantum
	Chemistry},
	PUBLISHER = {Academic Press},
	ADDRESS = {New York},
	YEAR = 1981 }

@BOOK{kphgh,
	AUTHOR = {K.~P.~Huber and G.~Herzberg},
	TITLE = {Molecular Spectra and Molecular Structure. IV.
	         Constants of Diatomic Molecules},
	PUBLISHER = {Van Nostrand Reinhold},
	ADDRESS = {New York},
	YEAR = 1979 }
	
@ARTICLE{rcparutfs44,
	AUTHOR = {R.~C.~Pink and A.~R.~Ubbelohde},
	JOURNAL = tfs ,
	VOLUME = 44 ,
	YEAR = 1948 ,
	PAGES = 708 }

@ARTICLE{whfcr74,
	AUTHOR = {W.~H.~Flygare},
	JOURNAL = cr ,
	VOLUME = 74 ,
	YEAR = 1974 ,
	PAGES = 653 }

@ARTICLE{jwvhsijqc49,
	AUTHOR = {J.~Wang and {V.~H.~Smith Jr.}},
	KEY = {Electron-Pair Distributions and Chemical Bonding},
	JOURNAL = ijqc ,
	VOLUME = 49 ,
	YEAR = 1994 ,
	PAGES = 147 }

@ARTICLE{jgjrijqc49,
	AUTHOR = {J.~Garza and J.~Robles},
	KEY = {Local Hardness Revisited: Definition and the
	       Spin-Polarized Kohn-Sham Formulation of Density
	       Functional Theory},
	JOURNAL = ijqc ,
	VOLUME = 49 ,
	YEAR = 1994 ,
	PAGES = 159 }

@ARTICLE{cwijqc49,
	AUTHOR = {C.~Wulfman},
	KEY = {On the Space of Eigenvectors of Molecular Quantum
	       Mechanics},
	JOURNAL = ijqc ,
	VOLUME = 49 ,
	YEAR = 1994 ,
	PAGES = 185 }

@ARTICLE{kjmmijqc49,
	AUTHOR = {K.~Jug and M.~Matuschewski},
	KEY = {Classification of Substituents by $\sigma$ and $\pi$
	       Electron Energy Separation},
	JOURNAL = ijqc ,
	VOLUME = 49 ,
	YEAR = 1994 ,
	PAGES = 197 }

@ARTICLE{dswbmgijqc49,
	AUTHOR = {D.~S.~Warren and B.~M.~Gimarc},
	KEY = {Maximum Hardness in P6 Isomers},
	JOURNAL = ijqc ,
	VOLUME = 49 ,
	YEAR = 1994 ,
	PAGES = 207 }

@ARTICLE{mrxgijqc49,
	AUTHOR = {M.~Randi\'{c} and X.~Guo},
	KEY = {Generalized Bond Orders},
	JOURNAL = ijqc ,
	VOLUME = 49 ,
	YEAR = 1994 ,
	PAGES = 215 }

@ARTICLE{skgijqc49,
	AUTHOR = {S.~K.~Ghosh},
	KEY = {Electronegativity, Hardness, and a Semiempirical
	       Density Functional Theory of Chemical Bonding},
	JOURNAL = ijqc ,
	VOLUME = 49 ,
	YEAR = 1994 ,
	PAGES = 239 }

@ARTICLE{lcaijqc49,
	AUTHOR = {L.~C.~Allen},
	KEY = {Chemistry and Electronegativity},
	JOURNAL = ijqc ,
	VOLUME = 49 ,
	YEAR = 1994 ,
	PAGES = 253 }

@ARTICLE{hntnijqc49,
	AUTHOR = {H.~Nakatsuji and T.~Nakao},
	KEY = {Theoretical Study on Metal NMR Chemical Shifts:
	          Germanium Compounds},
	JOURNAL = ijqc ,
	VOLUME = 49 ,
	YEAR = 1994 ,
	PAGES = 279 }

@ARTICLE{asmflmijqc49,
	AUTHOR = {A.~Soirat and M.~Flocco and L.~Massa},
	KEY = {Approximately N-Representable Density Functional
	       Density Matrices},
	JOURNAL = ijqc ,
	VOLUME = 49 ,
	YEAR = 1994 ,
	PAGES = 291 }

@Book{baderbook,
  author = 	 {R.~F.~W.~Bader},
  title = 	 {Atoms in Molecules},
  publisher = 	 {Clarendon Press, Oxford},
  year = 	 {1990},
}

@InCollection{wkufmsnmr23,
  author = 	 {W.~Kutzelnigg and U.~Fleischer and M.~Schindler},
  booktitle = 	 {NMR Basic Principles and Progress},
  publisher = {Springer, Berlin Heidelberg},
  year = 	 {1990},
  volume = 	 {23},
  pages = 	 {165},
}

@ARTICLE{rfwbijqc49,
	AUTHOR = {R.~F.~W.~Bader},
	KEY = {Why Define Atoms in Real Space?},
	JOURNAL = ijqc ,
	VOLUME = 49 ,
	YEAR = 1994 ,
	PAGES = 299 }

@ARTICLE{jkzzijqc49,
	AUTHOR = {J.~Kneisler and Z.~Zhou},
	KEY = {Substituent Effects on Chemical Hardness},
	JOURNAL = ijqc ,
	VOLUME = 49 ,
	YEAR = 1994 ,
	PAGES = 309 }

@ARTICLE{nhmijqc49,
	AUTHOR = {N.~H.~March},
	KEY = {Building Blocks for Electron Density in Free Molecules
	       and in Condensed Matter Phases},
	JOURNAL = ijqc ,
	VOLUME = 49 ,
	YEAR = 1994 ,
	PAGES = 321 }

@ARTICLE{japrtjcp86,
	AUTHOR = {J.~Alml\"{o}f and P.~R.~Taylor},
	JOURNAL = jcp ,
	VOLUME = 86 ,
	YEAR = 1987 ,
	PAGES = 4070 }

@ARTICLE{mdhvwlrlkrhsdarfjlwjlagmjpcrd8,
	AUTHOR = {M.~D.~Harmony and V.~W.~Laurie and R.~L.~Kuczkowski and
	          R.~H.~Schwendeman and D.~A.~Ramsey and F.~J.~Lovas and
	          W.~J.~Lafferty and A.~G.~Maki},
	JOURNAL = {J.~Phys.~Chem.~Ref.~Data},
	VOLUME = 8 ,
	YEAR = 1979 ,
	PAGES = 619 }

@ARTICLE{aljkvrscp80,
	AUTHOR = {A.~Laaksonen and J.~Kowalewski and V.~R.~Saunders},
	JOURNAL = cp ,	
	VOLUME = 80 ,
	YEAR = 1983 ,
	PAGES = 221 }

@ARTICLE{vgjcp82,
	AUTHOR = {V.~Galasso},
	JOURNAL = jcp ,
	VOLUME = 82 ,
	YEAR = 1985 ,
	PAGES = 899 }

@ARTICLE{mfgvrsreomp35,
	AUTHOR = {M.~F.~Guest and V.~R.~Saunders and R.~E.~Overill},
	JOURNAL = mp ,
	VOLUME = 35 ,
	YEAR = 1978 ,
	PAGES = 427 }

@ARTICLE{eashsrjbjcp87,
	AUTHOR = {E.~A.~Salter and H.~Sekino and R.~J.~Bartlett},
	JOURNAL = jcp ,
	VOLUME = 87 ,
	YEAR = 1987 ,
	PAGES = 502 }

@ARTICLE{hsrjbjcp85,
	AUTHOR = {H.~Sekino and R.~J.~Bartlett},
	JOURNAL = jcp ,
	VOLUME = 85 ,
	YEAR = 1986 ,
	PAGES = 3945 }

@ARTICLE{jgjocp104,
	AUTHOR = {J.~Geertsen and J.~Oddershede},
	JOURNAL = cp ,
	VOLUME = 104 ,
	YEAR = 1986 ,
	PAGES = 67 }

@ARTICLE{gescpl127,
	AUTHOR = {G.~E.~Scuseria},
	JOURNAL =  cpl ,
	VOLUME = 127 ,
	YEAR = 1986 ,
	PAGES = 236 }

@Article{mcesjcp106,
  author = 	 {M.~Challacombe and E.~Schwegler},
  journal = 	 jcp,
  year = 	 {1997},
  key = 	 {Linear scaling computation of the Fock matrix},
  volume = 	 {106},
  pages = 	 {5526}
}

@Article{jmmgesjcp106,
  author = 	 {J.~M.~Millam and G.~E.~Scuseria},
  journal = 	 jcp,
  year = 	 {1997},
  key = 	 {Linear scaling conjugate gradient density matrix
                  search as an alternative to diagonalization for
                  first principles electronic structure calculations},
  volume = 	 {106},
  pages = 	 {5569}
}

@Proceedings{legion,
  title = 	 {Legion---A View from 50,000 Feet},
  year = 	 {1996},
  volume = 	 {Proceedings of the Fifth IEEE International
                  Symposium on High Performance Distributed Computing},
  address = 	 {Los Alamitos, California},
  month = 	 {August},
  publisher = {IEEE Computer Society Press},
}

@ARTICLE{gesjgjojcp90,
	AUTHOR = {G.~E.~Scuseria and J.~Geertsen and J.~Oddershede},
	JOURNAL = JCP ,
	VOLUME = 90 ,
	YEAR = 1989 ,
	PAGES = 2338 }

@MISC{ktpc,
	AUTHOR = {K.~Kamie\'{n}ska-Trela},
	NOTE = {Personal communication} }

@ARTICLE{gghpr43,
	AUTHOR = {G.~G.~Havens},
	JOURNAL = {Phys.~Rev.},
	VOLUME = 43 ,
	YEAR = 1933 ,
	PAGES = 992 }

@ARTICLE{kemzp98,
	AUTHOR = {K.~E.~Mann},
	JOURNAL = {Z.~Physik},
	VOLUME = 98 ,
	YEAR = 1935 ,
	PAGES = 548 }

@ARTICLE{lacr208,
	AUTHOR = {L.~Abonnenc},
	JOURNAL = {Compt.~Rend.},
	VOLUME = 208 ,
	YEAR = 1939 ,
	PAGES = 986 }

@ARTICLE{regjpc65,
	AUTHOR = {R.~E.~Glick},
	KEY = {On the diamagnetic susceptibility of gases},
	JOURNAL = jpc ,
	VOLUME = 65 ,
	YEAR = 1961 ,
	PAGES = 1552 }

@ARTICLE{ailvrscpl95,
	AUTHOR = {A.~I.~Laaksonen and V.~R.~Saunders},
	JOURNAL = cpl ,
	VOLUME = 95 ,
 	YEAR = 1983 ,
	PAGES = 375 }

@MISC{lborn,
	NOTE = {Landolt-B\"ornstein; Springer Verlag: NY, 1962, Auflage Zahlenwerte und Funktionen, II band, Vol. 8, p.5-827.}}

@ARTICLE{mahcrsasp190,
	AUTHOR = {M.~A.~Haque},
	JOURNAL = {C.~R.~S\'{e}ances Acad.~Sci.~Paris},
	VOLUME = 190 ,
	YEAR = 1930 ,
	PAGES = 789 }

@MISC{handbook,
	NOTE = {{\it Handbook of Chemistry and Physics}, 64th ed.
                (CRC, Boca Raton, 1984).} }

@ARTICLE{sgkjcp50,
	AUTHOR = {S.~G.~Kukolich},
	JOURNAL = jcp ,
	VOLUME = 50 ,
	YEAR = 1969 ,
	PAGES = 3751 }

@ARTICLE{sgkcpl12,
	AUTHOR = {S.~G.~Kukolich},
	JOURNAL = cpl ,
	VOLUME = 12 ,
	YEAR = 1971 ,
	PAGES = 216 }

@ARTICLE{sgkwhfcpl7,
	AUTHOR = {S.~G.~Kukolich and W.~H.~Flygare},
	JOURNAL = cpl ,
	VOLUME = 7 ,
	YEAR = 1970 ,
	PAGES = 43 }

@Article{wgpfcypr77,
  author = 	 {W.~G.~Proctor and F.~C.~Yu},
  journal = 	 pr,
  year = 	 {1950},
  volume = 	 {77},
  pages = 	 {717}
}

@Article{wcdpr77,
  author = 	 {W.~C.~Dickinson},
  journal = 	 pr,
  year = 	 {1950},
  volume = 	 {77},
  pages = 	 {736}
}

@ARTICLE{wtrnmr7,
	AUTHOR = {W.~T.~Raynes},
	JOURNAL = {Spec.~Per.~Reps.~NMR},
	VOLUME = 7 ,
	YEAR = 1978 ,
	PAGES = 1 }

@ARTICLE{sgkjacs97,
	AUTHOR = {S.~G.~Kukolich},
	JOURNAL = jacs ,
	VOLUME = 97 ,
	YEAR = 1975 ,
	PAGES = 5704 }

@ARTICLE{cjjacddakjcpl167,
	AUTHOR = {C.~J.~Jameson and A.~C.~de Dios and A.~K.~Jameson},
	JOURNAL = cpl ,
	VOLUME = 167 ,
	YEAR = 1990 ,
	PAGES = 575 }

@ARTICLE{kwzrtcdmgjmjacs102,
	AUTHOR = {K.~W.~Zilm and R.~T.~Colin and D.~M.~Grant and J.~Michl},
	JOURNAL = jacs ,
	VOLUME = 102 ,
	YEAR = 1980 ,
	PAGES = 6672 }

@ARTICLE{smmp25,
	AUTHOR = {S.~Mohanty},
	JOURNAL = mp ,
	VOLUME = 25 ,
	YEAR = 1973 ,
	PAGES = 1173 }

@ARTICLE{pbdrmnscwwkjcp55,
	AUTHOR = {P.~B.~Davies and R.~M.~Neumann and S.~C.~Wofsy and
	          W.~Klemperer},
	JOURNAL = jcp ,
	VOLUME = 55 ,
	YEAR = 1971 ,
	PAGES = 3564 }

@ARTICLE{tdbaehcpl175,
	AUTHOR = {T.~D.~Bouman and Aa.~E.~Hansen},
	JOURNAL = cpl ,
	VOLUME = 175 ,
	YEAR = 1990 ,
	PAGES = 292 }

@ARTICLE{kwajsgkmp72,
	AUTHOR = {K.~Woli\'{n}ski and A.~J.~Sadlej and G.~Karlstr\"{o}m},
	KEY = {Molecular quadrupole moments},
	JOURNAL = mp ,
	VOLUME = 72 ,
	YEAR = 1991 ,
	PAGES = 425 }

@ARTICLE{polaqc5,
	AUTHOR = {P.~-O.~L\"{o}wdin},
	YEAR = 1970,
	JOURNAL = {Adv.~Quantum Chem.},
	VOLUME = 5 ,
	PAGES = {}}

@MISC{persref,
	AUTHOR = {K.~Ruud and M.~Jaszu\'{n}ski and A.~Rizzo},
	NOTE = {personal communication}}

@ARTICLE{hsijqc30,
	AUTHOR = {H.~Sellers},
	JOURNAL = ijqc ,
	VOLUME = 30 ,
	YEAR = 1986 ,
	PAGES = 433 }

@ARTICLE{hjajhacpl110,
	AUTHOR = {H.~J.~Aa.~Jensen and H.~{\AA}gren},
	JOURNAL = cpl ,
	VOLUME = 110 ,
	YEAR = 1984 ,
	PAGES = 140 }

@ARTICLE{wjhrdjapjcp56,
	AUTHOR = {W.~J.~Hehre and R.~Ditchfield and J.~A.~Pople},
	JOURNAL = jcp ,
	VOLUME = 56 ,
	YEAR = 1972 ,
	PAGES = 2257 }

@ARTICLE{pchjaptca28,
	AUTHOR = {P.~C.~Hariharan and J.~A.~Pople},
	JOURNAL = tca ,
	VOLUME = 28 ,
	YEAR = 1973 ,
	PAGES = 213 }

@ARTICLE{msgcpl76,
	AUTHOR = {M.~S.~Gordon},
	JOURNAL = CPL ,
	VOLUME = 76 ,
	YEAR = 1980 ,
	PAGES = 163 }

@ARTICLE{thdjcp53,
	AUTHOR = {T.~H.~Dunning},
	JOURNAL = jcp ,
	VOLUME = 53 ,
	YEAR = 1970 ,
	PAGES = 2823 }

@ARTICLE{thdjcp55-2,
	AUTHOR = {T.~H.~{\mbox Dunning Jr.}},
	JOURNAL = jcp ,
	VOLUME = 55 ,
	YEAR = 1971 ,
	PAGES = 3958 }

@ARTICLE{thdjcp55,
	AUTHOR = {T.~H.~Dunning},
	JOURNAL = jcp ,
	VOLUME = 55 ,
	YEAR = 1971 ,
	PAGES = 716 }

@ARTICLE{pjskjjrdaplrzjpc94,
	AUTHOR = {P.~J.~Stephens and K.~J.~Jalkanen and R.~D.~Amos and
	          P.~Lazzeretti and R.~Zanasi},
	JOURNAL = jpc ,
	VOLUME = 94 ,
	YEAR = 1990 ,
	PAGES = 1811 }

@Article{plpnmrs36,
  author = 	 {P.~Lazzeretti},
  journal = 	 {Prog.~NMR.~Spectrosc.},
  year = 	 {2000},
  key = 	 {Ring Currents},
  volume = 	 {36},
  pages = 	 {1}
}

@ARTICLE{ldbjvmp48,
	AUTHOR = {L.~D.~Barron and J.~Vrbancich},
	JOURNAL = mp ,
	VOLUME = 48 ,
	YEAR = 1983 ,
	PAGES = 833 }

@ARTICLE{jgimmjcp49,
	AUTHOR = {J.~Gerratt and I.~M.~Mills},
	JOURNAL = jcp ,
	VOLUME = 49 ,
	YEAR = 1968 ,
	PAGES = 1719 }

@ARTICLE{ppjcp78,
	AUTHOR = {P.~Pulay},
	JOURNAL = jcp ,
	VOLUME = 78 ,
	YEAR = 1983 ,
	PAGES = 5043 }

@ARTICLE{admgscjcp72,
	AUTHOR = {A.~D.~McLean and G.~S.~Chandler},
	JOURNAL = jcp ,
	VOLUME = 72 ,
	YEAR = 1980 ,
	PAGES = 5639 }

@ARTICLE{tcjcgwsprsjcc4,
	AUTHOR = {T.~Clark and J.~Chandrasekhar and G.~W.~Spitznagel and
	          P.~v.~R.~Schleyer},
	JOURNAL = jcc ,
	VOLUME = 4 ,
	YEAR = 1983 ,
	PAGES = 294 }

@ARTICLE{dmtajcp73,
	AUTHOR = {D.~Matsuoka and T.~Aoyama},
	JOURNAL = jcp ,
	YEAR = 1980 ,
	VOLUME = 73 ,
	PAGES = 5718 }

@ARTICLE{wjhrfsjapjcp51,
	AUTHOR = {W.~J.~Hehre and R.~F.~Stewart and J.~A.~Pople},
	JOURNAL = jcp ,
	VOLUME = 51 ,
	YEAR = 1969 ,
	PAGES = 2657 }

@ARTICLE{jbcpvrsjsbjapjcp64,
	AUTHOR = {J.~B.~Collins and P.~v.~R.~Schleyer and J.~S.~Binkley and
	          J.~A.~Pople},
	JOURNAL = jcp ,
	VOLUME = 64 ,
	YEAR = 1976 ,
	PAGES = 5142 }

@ARTICLE{jsbjapwjhjacs102,
	AUTHOR = {J.~S.~Binkley and J.~A.~Pople and W.~J.~Hehre},
	JOURNAL = jacs ,
	VOLUME = 102 ,
	YEAR = 1980 ,
	PAGES = 939 }

@ARTICLE{wjpmmfwjhdjdjapjsbjacs104,
	AUTHOR = {W.~J.~Pietro and M.~M.~Francl and W.~J.~Hehre and
	          D.~J.~Defrees and J.~A.~Pople and J.~S.~Binkley},
	JOURNAL = jacs ,
	VOLUME = 104 ,
	YEAR = 1982 ,
	PAGES = 5039 }

@ARTICLE{poagkaebnjcp102,
	AUTHOR = {{\mbox P.-O}.~{\AA}strand and G.~Karlstr\"{o}m and A.~Engdahl
	          and B.~Nelander},
	JOURNAL = jcp ,
	VOLUME = 102 ,
	YEAR = 1995 ,
	PAGES = 3534 }

@ARTICLE{jrwtrmp41,
	AUTHOR = {J.~Rychlewski and W.~T.~Raynes},
	JOURNAL = mp ,
	YEAR = 1980 ,
	PAGES = 843 ,
	VOLUME = 41 }

@MISC{kvmthhjaj,
	AUTHOR = {K.~V.~Mikkelsen and T.~Helgaker and H.~J.~Aa.~Jensen},
	NOTE = {In preparation}}

@MANUAL{daltonref,
	AUTHOR = "T.~Helgaker and H.~J.~Aa.~Jensen and P.~J{\o}rgensen
	and J.~Olsen and K.~Ruud and H.~{\AA}gren and T.~Andersen and K.~L.~Bak
	and V.~Bakken and O.~Christiansen and P.~Dahle and
	E.~K.~Dalskov and T.~Enevoldsen and B.~Fernandez and
                  H.~Heiberg and H.~Hettema 
	and D.~Jonsson and S.~Kirpekar and R.~Kobayashi and H.~Koch and
	K.~V.~Mikkelsen and P.~Norman and M.~J.~Packer and T.~Saue and
                  P.~R.~Taylor and O.~Vahtras",
	TITLE = "Dalton, an ab initio electronic structure program,
                  Release 1.0 (1997). See
                  http://www.kjemi.uio.no/software/dalton/dalton.html"} 

@ARTICLE{rtrmhjcp44,
	AUTHOR = {R.~Tipping and R.~M.~Herman},
	JOURNAL = jcp ,
	VOLUME = 44 ,
	YEAR = 1966 ,
	PAGES = 3112 }

@ARTICLE{apwlghpr23,
	AUTHOR = {A.~P.~Willis and L.~G.~Hector},
	JOURNAL = {Phys.~Rev.},
	VOLUME = 23 ,
	YEAR = 1924 ,
	PAGES = 209 }

@ARTICLE{jrtsvmjcp58,
	AUTHOR = {J.~Rose and T.~Shibuya and V.~McKoy},
	JOURNAL = jcp ,	
	VOLUME = 58 ,
	YEAR = 1973 ,
	PAGES = 74 }

@ARTICLE{tsjrvmjcp58,
	AUTHOR = {T.~Shibuya and J.~Rose and V.~McKoy},
	JOURNAL = jcp ,
	VOLUME = 58 ,
	YEAR = 1973 ,
	PAGES = 500 }

@MISC{mjpekdtehjajjojcp,
	AUTHOR = {M.~J.~Packer and E.~K.~Dalskov and T.~Enevoldsen and
	          H.~J.~Aa.~Jensen and J.~Oddershede},
	NOTE = {J.~Chem.~Phys., submitted}}

@ARTICLE{crardmbirpc16,
	AUTHOR = {C.~Rizzo and A.~Rizzo and D.~M.~Bishop},
	KEY = {The Cotton-Mouton effect in gases: experiment and
	theory},
        JOURNAL = {Int.~Rev.~Phys.~Chem.},
        PAGES = 81 ,
        YEAR = 1997 ,
        VOLUME = 16 }

@ARTICLE{moleculeref,
        AUTHOR = {J.~Alml\"{o}f},
        NOTE = {A vectorized Gaussian integral program} }

@ARTICLE{kfacr14,
        AUTHOR = {K.~Fukui},
        JOURNAL = {Acc.~Chem.~Res.},
        VOLUME = 14 ,
        YEAR = 1981 ,
        PAGES = 363 }

@Article{jgbbpc99,
  author = 	 {J.~Gauss},
  journal = 	 {Ber.~Bunsenges.~Phys.~Chem},
  year = 	 {1995},
  volume = 	 {99},
  pages = 	 {1001}
}

@ARTICLE{pmjwmjcp88,
        AUTHOR = {M.~Page and J.~W.~{\mbox McIver Jr.}},
        JOURNAL = jcp ,
        VOLUME = 88 ,
        YEAR = 1988 ,
        PAGES = 922 }

@ARTICLE{jlrdrcp18,
	AUTHOR = {J.~-L.~Rivail and D.~Rinaldi},
	JOURNAL = cp ,
	VOLUME = 18 ,
	YEAR = 1976 ,
	PAGES = 233 }

@ARTICLE{gfxfzpwtppjacs114,
        AUTHOR = {G.~Fogarasi and X.~F.~Zhou and P.~W.~Taylor and P.~Pulay},
        JOURNAL = jacs ,
        VOLUME = 114 ,
        YEAR = 1992 ,
        PAGES = 8191 }

@InCollection{rjbmest,
  author = 	 {R.~J.~Bartlett},
  booktitle = 	 {Modern Electronic Structure Theory},
  publisher = {World Scientific},
  year = 	 {1995},
  editor = 	 {D.~R.~Yarkony},
  pages = 	 {1047}
}

@InCollection{ppmest,
  author = 	 {P.~Pulay},
  booktitle = 	 {Modern Electronic Structure Theory},
  publisher = {World Scientific},
  year = 	 {1995},
  editor = 	 {D.~R.~Yarkony},
  pages = 	 {1191}
}

@InCollection{cwbsrlhpmest,
  author = 	 {C.~W.~{\mbox Bauschlicher Jr.} and S.~R.~Langhoff
                  and H.~Partridge}, 
  booktitle = 	 {Modern Electronic Structure Theory},
  publisher = {World Scientific},
  year = 	 {1995},
  editor = 	 {D.~R.~Yarkony},
  pages = 	 {1280}
}
 @Article{yslsakrjbjcp81,
  author = 	 {Y.~S.~Lee and S.~A.~Kucharski and R.~J.~Bartlett},
  journal = 	 jcp,
  year = 	 {1984},
  volume = 	 {81},
  pages = 	 {5906}
}

@Article{sakrjbaqc18,
  author = 	 {S.~A.~Kucharski and R.~J.~Bartlett},
  journal = 	 {Adv.~Quantum Chem.},
  year = 	 {1986},
  volume = 	 {18},
  pages = 	 {281}
}

@Article{pgsjgjcp107,
  author = 	 {P.~G.~Szalay and J.~Gauss},
  journal = 	 jcp,
  year = 	 {1997},
  volume = 	 {107},
  pages = 	 {9028},
}

@Book{raccrjb,
  editor = 	 {R.~J.~Bartlett},
  title = 	 {Recent advances in coupled-cluster theory},
  publisher = 	 {World Scientific},
  year = 	 {1997},
  volume = 	 {3},
  series = 	 {Recent Advances in Computational Chemistry},
}

@InCollection{hbsmest,
  author = 	 {H.~B.~Schlegel},
  booktitle = 	 {Modern Electronic Structure Theory},
  publisher = {World Scientific},
  year = 	 {1995},
  editor = 	 {D.~R.~Yarkony},
  pages = 	 {459}
}

@InCollection{jopjmest,
  author = 	 {J.~Olsen and P.~J{\o}rgensen},
  booktitle = 	 {Modern Electronic Structure Theory},
  key = 	 {Time-dependent response theory with applications to
                  self-consistent field and multiconfigurational
                  self-consistent field wave functions},
  publisher = {World Scientific},
  address = {New York},
  year = 	 {1995},
  editor = 	 {D.~R.~Yarkony},
  pages = 	 {857}
}

@InBook{ppaest4,
  author = 	 {P.~Pulay},
  editor = 	 {H.~F.~{\mbox Schaefer III}},
  title = 	 {Applications of Electronic Structure Theory},
  publisher = 	 {Plenum Press},
  year = 	 {1977},
  volume = 	 {4},
  series = 	 {Modern Theoretical Chemistry},
  address = 	 {New York},
  pages = 	 {153}
}

@MISC{vbth,
        AUTHOR = {V.~Bakken and T.~Helgaker},
        NOTE = {To be published} }

@Article{chtgcdrlwrfsdfs19,
  author = 	 {C.~H.~Townes and G.~C.~Dousmanis and R.~L.~White and
                  R.~F.~Schwarz},
  journal = 	 {Discuss.~Faraday Soc.},
  year = 	 {1955},
  volume = 	 {19},
  pages = 	 {56}
}

@Unpublished{amfiref,
  author = 	 {B.~Schimmelpfennig},
  title = 	 {AMFI, An atomic mean-field program}
}

@Article{skovhajms279,
  author = 	 {S.~Knuts and O.~Vahtras and H.~{\AA}gren},
  journal = 	 {J.~Mol.~Struct.~(THEOCHEM)},
  year = 	 {1993},
  volume = 	 {279},
  pages = 	 {249}
}

@Article{skbmhaovtca87,
  author = 	 {S.~Knuts and B.~F.~Minaev and H.~{\AA}gren and O.~Vahtras},
  journal = 	 tca,
  year = 	 {1994},
  volume = 	 {87},
  pages = 	 {343}
}

@Book{turro,
  author = 	 {N.~J.~Turro},
  title = 	 {Modern molecular photochemistry},
  publisher = 	 {Benjamin/Cummings},
  year = 	 {1978},
  address = 	 {Menlo Park, California}
}

@Article{minaev82,
  author = 	 {B.~F.~Minaev},
  journal = 	 {Russ.~J.~Struct.~Chem.},
  year = 	 {1982},
  volume = 	 {23},
  pages = 	 {170}
}

@Article{NbO-paper,
  author = 	 {O.~Launila and B.~Schimmelpfennig and H.~Fagerli and
                  O.~Gropen and A.~G.~Taklif and U.~Wahlgren},
  journal = 	 {J.~Mol.~Spectrosc.},
  year = 	 {1997},
  volume = 	 {186},
  pages = 	 {131}
}

@Misc{djpnhaarscpc,
  author = 	 {D.~Jonsson and P.~Norman and H.~{\AA}gren and A.~Rizzo
                  and S.~Coriani}, 
  note = 	 {Personal communication}
}

@Article{bkbcirpc16,
  author = 	 {B.~Kirtman and B.~Champagne},
  journal = 	 {Int.~Rev.~Phys.~Chem.},
  year = 	 {1997},
  volume = 	 {16},
  pages = 	 {389}
}
