% Encoding: UTF-8
% define Aa as single letter
@Preamble{ "\newcommand{\Aa}[0]{Aa} " }

@Article{srdft:LDAERF,
  author    = {Simone Paziani and Saverio Moroni and Paola Gori-Giorgi and Giovanni B. Bachelet},
  title     = {Local-spin-density functional for multideterminant density functional theory},
  journal   = {Physical Review B},
  year      = {2006},
  volume    = {73},
  number    = {15},
  month     = {apr},
  doi       = {10.1103/physrevb.73.155111},
  publisher = {American Physical Society ({APS})},
}

@Article{srdft:PBEGWSa,
  author    = {Erich Goll and Hans-Joachim Werner and Hermann Stoll},
  title     = {A short-range gradient-corrected density functional in long-range coupled-cluster calculations for rare gas dimers},
  journal   = {Physical Chemistry Chemical Physics},
  year      = {2005},
  volume    = {7},
  number    = {23},
  pages     = {3917},
  doi       = {10.1039/b509242f},
  publisher = {Royal Society of Chemistry ({RSC})},
}

@Article{srdft:PBEGWSb,
  author    = {Erich Goll and Hans-Joachim Werner and Hermann Stoll and Thierry Leininger and Paola Gori-Giorgi and Andreas Savin},
  title     = {A short-range gradient-corrected spin density functional in combination with long-range coupled-cluster methods: Application to alkali-metal rare-gas dimers},
  journal   = {Chemical Physics},
  year      = {2006},
  volume    = {329},
  number    = {1-3},
  pages     = {276--282},
  month     = {oct},
  doi       = {10.1016/j.chemphys.2006.05.020},
  publisher = {Elsevier {BV}},
}

@Article{srdft:erfgau,
  author    = {Julien Toulouse and Fran{\c{c}}ois Colonna and Andreas Savin},
  title     = {Long-range{\textendash}short-range separation of the electron-electron interaction in density-functional theory},
  journal   = {Physical Review A},
  year      = {2004},
  volume    = {70},
  number    = {6},
  month     = {dec},
  doi       = {10.1103/physreva.70.062505},
  publisher = {American Physical Society ({APS})},
}

@article{srdft:Heyd2004,
  doi = {10.1063/1.1668634},
  url = {https://doi.org/10.1063/1.1668634},
  year = {2004},
  month = apr,
  publisher = {{AIP} Publishing},
  volume = {120},
  number = {16},
  pages = {7274--7280},
  author = {Jochen Heyd and Gustavo E. Scuseria},
  title = {Assessment and validation of a screened Coulomb hybrid density functional},
  journal = {The Journal of Chemical Physics}
}

@Comment{jabref-meta: databaseType:bibtex;}


