% This file was created with JabRef 2.8.1.
% Encoding: UTF-8

@TECHREPORT{Alm72,
  author = {Alml{\"o}f, J.},
  title = {The MOLECULE integral program, Report 72-09},
  institution = {University of Stockholm Institute of Physics},
  year = {1972},
  journal = {Int. J. Quantum Chem. Symp.},
  owner = {taylor},
  pages = {345},
  timestamp = {2013.11.04},
  volume = {23}
}

@ARTICLE{unk55,
  author = {(anonymous)},
  title = {Report on notation for the spectra of polyatomic molecules},
  journal = {J. Chem. Phys.},
  year = {1955},
  volume = {23},
  pages = {1997-2011}
}

@BOOK{Hur76,
  title = {Introduction to the Electron Theory of Small Molecules},
  publisher = {Academic Press, London},
  year = {1976},
  author = {Hurley, A. C.}
}

@ARTICLE{Hay77,
  author = {Hay, P. J.},
  title = {Gaussian basis sets for molecular calculations. The representation
	of 3d orbitals in transition-metal atoms},
  journal = {J. Chem. Phys.},
  year = {1977},
  volume = {66},
  pages = {4377}
}

@ARTICLE{Wal83,
  author = {Walch, S. P. and Bauschlicher, C. W.},
  title = {Using symmetry 1 for the d$^n$ occupations},
  journal = {J. Chem. Phys.},
  year = {1983},
  volume = {78},
  pages = {4597},
  owner = {taylor},
  timestamp = {2013.11.04}
}

@ARTICLE{Dav75a,
  author = {Davidson, E. R.},
  title = {Use of double cosets in constructing integrals over symmetry orbitals},
  journal = {J. Chem. Phys.},
  year = {1975},
  volume = {62},
  pages = {400-403}
}

@INCOLLECTION{Tay92,
  author = {Taylor, P. R.},
  title = {Molecular symmetry and quantum chemistry},
  booktitle = {Lecture Notes in Quantum Chemistry},
  publisher = {Springer-Verlag, Berlin},
  year = {1992},
  editor = {Roos, B.}
}
