@STRING{acr = "Acc.~Chem.~Res."}
@STRING{rmp = "Rev.~Mod.~Phys."}
@STRING{ajc = "Austr.~J.~Chem."}
@STRING{ijqcqcs = "Int.~J.~Quantum Chem.:Quantum Chem.~Symp."}
@STRING{jcsdt = "J.~Chem.~Soc., Dalton Trans."}
@STRING{znb = "Z.~Naturforsch.\ {\bf B}"}
@STRING{zna = "Z.~Naturforsch.\ {\bf A}"}
@STRING{jrs = "J.~Raman Spectrosc."}
@STRING{aciee = "Angew.~Chem.~Int.~Ed.~Engl."}
@STRING{cmr = "Conc.~Magn.~Reson."}
@STRING{hca = "Helv.~Chim.~Acta"}
@STRING{ic = "Inorg.~Chem."}
@STRING{cpc = "Comp.~Phys.~Commun."}
@STRING{jpc = "J.~Phys.~Chem."}
@STRING{jpca = "J.~Phys.~Chem.~{\bf A}"}
@STRING{jpcb = "J.~Phys.~Chem.~{\bf B}"}
@STRING{jacs = "J.~Am.~Chem.~Soc."}
@STRING{jcp = "J.~Chem.~Phys."}
@STRING{cpl = "Chem.~Phys.~Lett."}
@STRING{ijqc = "Int.~J.~Quantum Chem."}
@STRING{jcc = "J.~Comput.~Chem."}
@STRING{tca = "Theor.~Chim.~Acta"}
@STRING{tcan = "Theor.~Chem.~Acc."}
@STRING{jmr = "J.~Magn.~Reson."}
@STRING{jmra = "J.~Magn.~Reson.~{\bf A}"}
@STRING{jpcrd = "J.~Phys.~Chem.~Ref.~Data"}
@STRING{eic = "Education in Chemistry"}
@STRING{jcspt2 = "J.~Chem.~Soc., Perkin Trans.\ 2"}
@STRING{sa = "Spectrochim.~Acta {\bf A}"}
@STRING{jpbamp = "J.~Phys.\ B: At.~Mol.~Phys."}
@STRING{jpamg = "J.~Phys.\ A: Math.~Gen."}
@STRING{mp = "Mol.~Phys."}
@STRING{mric = "Magn.~Reson.~Chem."}
@STRING{gci = "Gazzetta Chim.~Ital."}
@STRING{cp = "Chem.~Phys."}
@STRING{pm = "Phil.~Mag."}
@STRING{jcics = "J.~Chem.~Inf.~Comput.~Sci."}
@STRING{cr = "Chem.~Rev."}
@STRING{csr = "Chem.~Soc.~Rev"}
@STRING{jms = "J.~Mol.~Struct."}
@STRING{cjc = "Can.~J.~Chem."}
@STRING{jmc = "J.~Math.~Chem."}
@STRING{pr = "Phys.~Rev."}
@STRING{prl = "Phys.~Rev.~Lett."}
@STRING{pra = "Phys.~Rev. {\bf A}"}
@STRING{prb = "Phys.~Rev. {\bf B}"}
@STRING{pre = "Phys.~Rev. {\bf E}"}
@STRING{jpoc = "J.~Phys.~Org.~Chem."}
@STRING{jcsft = "J.~Chem.~Soc.\ Faraday Trans."}
@STRING{acs = "Acta Chem.~Scand."}
@STRING{csj = "Chem.~Soc.~Jpn."}
@STRING{bcsj = "Bull.~Chem.~Soc.~Jpn."}
@STRING{jcscc = "J.~Chem.~Soc., Chem.~Commun."}
@STRING{jce = "J.~Chem.~Educ."}
@STRING{mpla = "Mod.~Phys.~Lett.\ {\bf A}"}
@STRING{ajp = "Am.~J.~Phys."}
@STRING{cb = "Chem.~Ber."}
@STRING{tfs = "Trans.~Faraday Soc."}
@STRING{cej = "Chem.Eur.J."}
@STRING{pccp = "Phys.~Chem.~Chem.~Phys."}

%A-bokstav

@Article{cavbcpl298,
  author = 	 {C.~Adamo and V.~Barone},
  journal = 	 cpl,
  year = 	 {1998},
  key = 	 {Toward chemical accuracy in the computation of NMR
                  shieldings: the PBE0 model},
  volume = 	 {298},
  pages = 	 {113}
}

@Article{rakmpccp2,
  author = 	 {R.~Ahlrichs and K.~May},
  journal = 	 pccp,
  year = 	 {2000},
  key = 	 {Contracted all-electron Gaussian basis sets for
                  atoms Rb to Xe},
  volume = 	 {2},
  pages = 	 {943}
}

@Article{fattryjcp111,
  author = 	 {F.~Aiga and T.~Tada and R.~Yoshimura},
  journal = 	 jcp,
  year = 	 {1999},
  key = 	 {Frequency-dependent polarizabilities,
                  hyperpolarizabilities, and excitation energies from
                  time-dependent density-functional theory based on
                  the quasienergy derivative method},
  volume = 	 {111},
  pages = 	 {2878}
}

@Article{gaatslvhjajjcp110,
  author = 	 {G.~A.~Aucar and T.~Saue and L.~Visscher and
                  H.~J.~Aa.~Jensen}, 
  journal = 	 jcp,
  year = 	 {1999},
  key = 	 {On the origin and contribution of the diamagnetic
                  term in four-component relativistic calculations of
                  magnetic properties},
  volume = 	 {110},
  pages = 	 {6208}
}

@Article{radraramafebfwdpdmbjcp110,
  author = 	 {R.~Antoine and D.~Rayane and A.~R.~Allouche and
                  M.~{\mbox Aubert-Fr\'{e}con} and E.~Benichou and
                  F.~W.~Dalby and {\mbox Ph}.~Dugourd and M.~Broyer},
  journal = 	 jcp,
  year = 	 {1999},
  key = 	 {Static dipole polarizability of small mixed
                  sodium-lithium clusters},
  volume = 	 {110},
  pages = 	 {5568}
}

@Article{csafjdpjsjacs121,
  author = 	 {C.~S.~Ashvar and F.~J.~Devlin and P.~J.~Stephens},
  journal = 	 jacs,
  year = 	 {1999},
  key = 	 {Molecular Structure in Solution: An ab Initio
                  Vibrational Spectroscopy Study of Phenyloxirane},
  volume = 	 {121},
  pages = 	 {2836}
}

@Article{csafjdpjsklbtehwjpca102,
  author = 	 {C.~S.~Ashvar and F.~J.~Devlin and P.~J.~Stephens and
                  K.~L.~Bak and T.~Eggimann and H.~Wieser},
  journal = 	 jpca,
  year = 	 {1998},
  key = 	 {Vibrational Absorption and Circular Dichromism of
                  Mono- and Dimethyl Derivatives of
                  6,8-Dioxabicyclo[3.2.1]octane}, 
  volume = 	 {102},
  pages = 	 {6842}
}

@Article{pyagesjcp110,
  author = 	 {P.~Y.~Ayala and G.~E.~Scuseria},
  journal = 	 jcp,
  year = 	 {1999},
  key = 	 {Linear scaling second-order {M}{\o}ller-{P}lesset theory in
                  the atomic orbital basis for large molecular
                  systems}, 
  volume = 	 {110},
  pages = 	 {3660}
}

@Article{aafjdpjsjcscc99,
  author = 	 {A.~Aamouche and F.~J.~Devlin and P.~J.~Stephens},
  journal = 	 jcscc,
  year = 	 {1999},
  key = 	 {Determination of absolute configuration using
                  circular dichroism: Tr\"oger's Base revisited using
                  vibrational circular dichromism},
  pages = 	 {361}
}

%B-bokstav

@Article{gbbmmjcmcpl300,
  author = 	 {G.~B.~Bacskay aand M.~Martoprawiro and J.~C.~Mackie},
  journal = 	 cpl,
  year = 	 {1999},
  key = 	 {The thermal decomposition of pyrrole: an ab initio
                  quantum chemical study of the potential energy
                  surface associated with the hydrogen cyanide plus
                  propyne channel},
  volume = 	 {300},
  pages = 	 {321}
}

@Article{mbpgasmp98,
  author = 	 {M.~Baaden and P.~Granger and A.~Strich},
  journal = 	 mp,
  year = 	 {2000},
  key = 	 {Dependence of NMR isotropic shift averages and
                  nuclear shielding tensors on the internal rotation
                  of the functional group X about the C-X bond in
                  seven simple vinylic derivatives H2C=CH-X}, 
  volume = 	 {98},
  pages = 	 {329}
}

@Article{lbcdegdnmp98,
  author = 	 {L.~Bizzocchi and C.~D.~Esposti and G.~D.~Nivellini},
  journal = 	 mp,
  year = 	 {2000},
  key = 	 {FTIR spectroscopy of the 2nu3 overtone band for
                  different BrCN isotopomers: an improved evaluation
                  of the anharmonic force field of cyanogen bromide},
  volume = 	 {98},
  pages = 	 {505}
}

@Article{gbgmzkjcp112,
  author = 	 {G.~Berkovic and G.~Meshulam and Z.~Kotler},
  journal = 	 jcp,
  year = 	 {2000},
  key = 	 {Measurement and analysis of molecular
                  hyperpolarizability in the two-photon resonance regime},
  volume = 	 {112},
  pages = 	 {3997}
}

@Article{rbmqjcp112,
  author = 	 {M.~Berger and M.~Quack},
  journal = 	 jcp,
  year = 	 {2000},
  key = 	 {Multiconfigurational linear response approach to the
                  calculation of parity violating potentials in
                  polyatomic molecules},
  volume = 	 {112},
  pages = 	 {3148}
}

@Article{erbssxhjjcp112,
  author = 	 {E.~R.~Batista and S.~S.~Xantheas and H.~J\'{o}nsson},
  journal = 	 jcp,
  year = 	 {2000},
  key = 	 {Electric fields in ice and near water clusters},
  volume = 	 {112},
  pages = 	 {3285}
}

@Article{pkbskacpl317,
  author = 	 {P.~K.~Biswas and S.~K.~Adhikari},
  journal = 	 cpl,
  year = 	 {2000},
  key = 	 {Scattering of positronium by H, He, Ne, and Ar},
  volume = 	 {317},
  pages = 	 {129}
}

@Article{abmbcpl317,
  author = 	 {A.~Bagno and M.~Bonchio},
  journal = 	 cpl,
  year = 	 {2000},
  key = 	 {Effective core potential {DFT} calculations of nuclear
                  shielding as a tool for the prediction and
                  assignment of the tungsten chemical shift in mon-
                  and polynuclear complexes},
  volume = 	 {317},
  pages = 	 {123}
}

@Article{adbytmp96-2,
  author = 	 {A.~D.~Buckingham and Y.~Tantirungrotechai},
  journal = 	 mp,
  year = 	 {1999},
  key = 	 {Predicting the proton shielding anisotropy in
                  HF...CO2: a use of distributed magnetizabilities},
  volume = 	 {96},
  pages = 	 {1225}
}

@Article{agbaslgdasflhacbacpmjcp111,
  author = 	 {A.~G.~{\mbox Bezerra Jr.} and A.~S.~L.~Gomes and
                  D.~A.~{\mbox da Silva-Filho} and L.~H.~Acioli and
                  C.~B.~{\mbox de Ara\'{u}jo} and C.~P.~{\mbox de
                  Melo}}, 
  journal = 	 jcp,
  year = 	 {1999},
  key = 	 {Molecular hyperpolarizabilities of retinal
                  derivatives},
  volume = 	 {111},
  pages = 	 {5102}
}

@Article{agbaslgpfafgbrjmamscpl309,
  author = 	 {A.~G.~{\mbox Bezerra Jr.} and A.~S.~L.~Gomes and
                  P.~F.~{\mbox Athayde-Filho} and G.~B.~{\mbox da
                  Rocha} and J.~Miller and A.~M.~Simas},
  journal = 	 cpl,
  year = 	 {1999},
  key = 	 {Mesoionic rings as third-order non-linear optical
                  materials},
  volume = 	 {309},
  pages = 	 {421}
}

@Article{adbytmp96,
  author = 	 {A.~D.~Buckingham and Y.~Tantirungrotechai},
  journal = 	 mp,
  year = 	 {1999},
  key = 	 {An investigation of the change of the nuclear
                  magnetic shielding in HF on forming the Ar...HF complex},
  volume = 	 {96},
  pages = 	 {1217}
}

@Article{pbjpca103,
  author = 	 {P.~Bou\v{r}},
  journal = 	 jpca,
  year = 	 {1999},
  key = 	 {Simulation of Electronic Circular Dichroism with
                  Rigid Kohn-Sham Orbitals: A Computational
                  Experiment}, 
  volume = 	 {103},
  pages = 	 {5099}
}

@Article{dmbacp104,
  author = 	 {D.~M.~Bishop},
  journal = 	 {Adv.~Chem.~Phys.},
  key = 	 {Molecular vibration and nonlinear optics},
  pages = 	 {1},
  year = 	 {1998},
  volume = 	 {104}
}

@Article{dmbpnjcp111,
  author = 	 {D.~M.~Bishop and P.~Norman},
  journal = 	 jcp,
  year = 	 {1999},
  key = 	 {Effects of vibration on the polarizability and the
                  first and second hyperpolarizabilities of HF, HCl,
                  and HBr.}, 
  volume = 	 {111},
  pages = 	 {3042}
}

@Article{nabphhjamjcp110,
  author = 	 {N.~A.~Baker and P.~H.~H\"{u}nenberger and
                  J.~A.~McCammon}, 
  journal = 	 jcp,
  year = 	 {1999},
  key = 	 {Polarization around an ion in a dielectric continuum
                  with truncated electrostatic interactions},
  volume = 	 {110},
  pages = 	 {10679}
}

@Article{dmbbkjcp95,
  author = 	 {D.~.M.~Bishop and B.~Kirtman},
  journal = 	 jcp,
  year = 	 {1991},
  key = 	 {A perturbation method for calculating vibrational
                  dynamic dipole polarizabilities and
                  hyperpolarizabilities}, 
  volume = 	 {95},
  pages = 	 {2646}
}

@Article{dmbbkjcp97,
  author = 	 {D.~M.~Bishop and B.~Kirtman},
  journal = 	 jcp,
  year = 	 {1992},
  volume = 	 97,
  pages = 	 {5255}
}

@Article{kkbjssjpca103,
  author = 	 {K.~K.~Baldridge and J.~S.~Siegel},
  journal = 	 jpca,
  year = 	 {1999},
  key = 	 {Correlation of Empirical d(TMS) and Absolute NMR
                  Chemical Shifts Predicted by ab Initio
                  Computations}, 
  volume = 	 {103},
  pages = 	 {4038}
}

@Article{rdbpdgbkjms124,
  author = 	 {R.~D.~Brown and P.~D.~Godfrey and B.~Kleib\"{o}mer},
  journal = 	 {J.~Mol.~Spectrosc.},
  year = 	 {1987},
  key = 	 {The Conformation of Formamide},
  volume = 	 {124},
  pages = 	 {34}
}

@Article{bbwtrsaa45,
  author = 	 {B.~Bennett and W.~T.~Raynes},
  journal = 	 saa,
  year = 	 {1989},
  key = 	 {Temperature dependent carbon-13 and proton isotope
                  shifts of some isotopomers of methane},
  volume = 	 {45},
  pages = 	 {1267}
}

@Article{rfwbcjc77,
  author = 	 {R.~F.~W.~Bader},
  journal = 	 cjc,
  year = 	 {1999},
  key = 	 {Can there be more than a single definition of an
                  atom in a molecule},
  volume = 	 {77},
  pages = 	 {86}
}

@Article{abrljomfmp96,
  author = 	 {A.~Bernhardsson and R.~Lindh and J.~Olsen and
                  M.~F\"{u}lscher}, 
  journal = 	 mp,
  year = 	 {1999},
  key = 	 {A direct implementation of the second-order
                  derivatives of multiconfigurational SCF energies and
                  an analysis of the preconditioning in the associated
                  response equation},
  volume = 	 {96},
  pages = 	 {617}
}

@Article{jebmjmlejp20,
  author = 	 {J.~E.~Broomfield and M.~J.~M.~Leak},
  journal = 	 {Eur.~J.~Phys.},
  year = 	 {1999},
  key = 	 {The dead zone for string players},
  volume = 	 {20},
  pages = 	 {L3},
}

@Article{jlbjcdbdadszsacr32,
  author = 	 {J.-L.~Br\'{e}das and J.~Cornil and D.~Beljonne and
                  D.~A.~{\mbox Dos Santos} and Z.~Shuai},
  journal = 	 acr,
  year = 	 {1999},
  key = 	 {Excited-State Electronic Structure of Conjugated
                  Oligomers and Polymers: A Quantum-Chemical Approach
                  to Optical Phenomena},
  volume = 	 {32},
  pages = 	 {267}
}

@Article{ebradrbvfwdpdmbcrfcbahjcrsabcgpra59,
  author = 	 {E.~Benichou and R.~Antione and D.~Rayane and
                  B.~Vezin and F.~W.~Dalby and {\mbox Ph}.~Dugourd and
                  M.~Broyer and C.~Ristori and F.~Chandezon and
                  B.~A.~Huber and J.~C.~Rocco and S.~A.~Blundell and
                  C.~Guet}, 
  journal = 	 pra,
  year = 	 {1999},
  key = 	 {Measurement of static electric dipole
                  polarizabilities of lithium clusters: Consistency
                  with measured dynamic polarizabilities},
  volume = 	 {59},
  pages = 	 {1}
}

@Article{jbdkppjcp110,
  author = 	 {J.~Baker and D.~Kinghorn and P.~Pulay},
  journal = 	 jcp,
  year = 	 {1999},
  key = 	 {Geometry optimization in delocalized internal
                  coordinates: An efficient quadratically scaling
                  algorithm for large molecules},
  volume = 	 {110},
  pages = 	 {4986}
}

@Article{habrmp71,
  author = 	 {H.~A.~Bethe},
  journal = 	 rmp,
  year = 	 {1999},
  key = 	 {Quantum theory},
  volume = 	 {71},
  pages = 	 {1}
}

@Article{nbrmp71,
  author = 	 {N.~Bloembergen},
  journal = 	 rmp,
  year = 	 {1999},
  key = 	 {From nanosecond to femtosecond science},
  volume = 	 {71},
  pages = 	 {283}
}

@Article{pbmbjcp110,
  author = 	 {P.~Bou\v{r} and M.~Bud\v{e}\v{s}\'{i}msk\'{y}},
  journal = 	 jcp,
  year = 	 {1999},
  key = 	 {Sum-over-states calculation of the nuclear spin-spin
                  coupling constants},
  volume = 	 {110},
  pages = 	 {2836}
}

@Article{adbpfcpl297,
  author = 	 {A.~D.~Buckingham and P.~Fischer},
  journal = 	 cpl,
  year = 	 {1998},
  key = 	 {Linear electro-optic effect in optically active
                  liquids}, 
  volume = 	 {297},
  pages = 	 {239}
}

%C-bokstav

@Article{mcjcp110,
  author = 	 {M.~Challacombe},
  journal = 	 jcp,
  year = 	 {1999},
  key = 	 {A simplified density matrix minimization for linear
                  scaling self-consistent field theory},
  volume = 	 {110},
  pages = 	 {2332}
}

@Article{jrcmjffjdpjsjpca104,
  author = 	 {J.~R.~Cheeseman and M.~J.~Frisch and F.~J.~Devlin
                  and P.~J.~Stephens}, 
  journal = 	 jpca,
  year = 	 {2000},
  key = 	 {Hartree-Fock and Density Functional Theory ab Initio
                  Calculation of Optical Rotation Using GIAOs: Basis
                  Set Dependence},
  volume = 	 {104},
  pages = 	 {1039}
}

@Article{cvcrdapccp2,
  author = 	 {C.~V.~Caillie and R.~D.~Amos},
  journal = 	 pccp,
  year = 	 {2000},
  key = 	 {Raman intensities using time dependent density
                  functional theory},
  volume = 	 {2},
  pages = 	 {2123}
}

@Article{ocjgbspccp2,
  author = 	 {O.~Christiansen and J.~Gauss and B.~Schimmelpfennig},
  journal = 	 pccp,
  year = 	 {2000},
  key = 	 {Spin-orbit coupling constants from coupled-cluster theory},
  volume = 	 {2},
  pages = 	 {965}
}

@Article{cvcrdacpl317,
  author = 	 {C.~V.~Caillie and R.~D.~Amos},
  journal = 	 cpl,
  year = 	 {2000},
  key = 	 {Geometric derivatives of density functional theory
                  excitation energies using gradient-corrected
                  functionals}, 
  volume = 	 {317},
  pages = 	 {159}
}

@Article{bcjmlmdjlabkjcp112,
  author = 	 {B.~Champagne and J.~M.~Luis and M.~Duran and
                  J.~L.~Andr\'{e}s and B.~Kirtman},
  journal = 	 jcp,
  year = 	 {2000},
  key = 	 {Anharmonicity contributions to the vibrational
                  second hyperpolarizability of conjugated oligomers},
  volume = 	 {112},
  pages = 	 {1011}
}

@Article{cvcrdacpl308,
  author = 	 {C.~V.~Caillie and R.~D.~Amos},
  journal = 	 cpl,
  year = 	 {1999},
  key = 	 {Geometric derivatives of excitation energies using
                  SCF and DFT},
  volume = 	 {308},
  pages = 	 {249}
}

@Article{tdcjfsjcp112,
  author = 	 {T.~D.~Crawford and J.~F.~Stanton},
  journal = 	 jcp,
  year = 	 {2000},
  key = 	 {Some surprising failures of Brueckner coupled
                  cluster theory}, 
  volume = 	 {112},
  pages = 	 {7873}
}

@Article{dpctttca102,
  author = 	 {D.~P.~Craig and T.~Thirunamachandran},
  journal = 	 {Theor.~Chem.~Acc.},
  year = 	 {1999},
  key = 	 {New approaches to chiral discrimination in coupling
                  between molecules},
  volume = 	 {102},
  pages = 	 {112}
}

@Article{gmcjujrbgjcp111,
  author = 	 {G.~M.~Chaban and J.~O.~Jung and R.~B.~Gerber},
  journal = 	 jcp,
  year = 	 {1999},
  key = 	 {Ab initio calculations of anharmonic vibrational
                  states of polyatomic systems: Electronic structure
                  combined with vibrational self-consistent field},
  volume = 	 {111},
  pages = 	 {1823}
}

@Article{fpcimhjprsjacs121,
  author = 	 {F.~P.~Cossi and I.~Morao and H.~Jiao and
                  P.~v.~R.~Schleyer}, 
  journal = 	 jacs,
  year = 	 {1999},
  key = 	 {In-Plane Aromaticity in 1,3-Dipolar
                  Cycloadditions. Solvent Effects, Selectivity, and
                  Nucleus-Independent Chemical Shifts},
  volume = 	 {121},
  pages = 	 {6737}
}

@Article{jcjrnsflslectahfdaciee38,
  author = 	 {J.~Crassous and J.~Rivera and N.~S.~Fender and
                  L.~Shu and L.~Echegoyen and C.~Thilgen and
                  A.~Herrmann and F.~Diederich},
  journal = 	 aciee,
  year = 	 {1999},
  key = 	 {Chemistry of C84: Separation of Three Constitutional
                  Isomers and Optical Resolution of D2-C84 by Using
                  the "Bingel-Tetro-Bingel" Strategy},
  volume = 	 {38},
  pages = 	 {1613}
}

@Article{occhjgjcp109,
  author = 	 {O.~Christiansen and C.~H\"{a}ttig and J.~Gauss},
  journal = 	 jcp,
  year = 	 {1998},
  key = 	 {Polarizabilities of CO, N2, HF, Ne, BH and CH+ from
                  ab initio calculations: Systematic studies of
                  electron correlation, basis set errors, and
                  vibrational contributions},
  volume = 	 {109},
  pages = 	 {4745}
}

@Article{rcbmjcp110,
  author = 	 {R.~Cammi and B.~Mennucci},
  journal = 	 jcp,
  year = 	 {1999},
  key = 	 {Linear response theory for the polarizable continuum
                  model},
  volume = 	 {110},
  pages = 	 {9877}
}

@Article{mcjmajgcpra59,
  author = 	 {C.~Carvajal and J.~M.~Arias and
                  J.~{\mboxG\'{o}mez-Camacho}}, 
  journal = 	 pra,
  year = 	 {1999},
  key = 	 {Analytic evaluation of Franck-Condon integrals for
                  anharmonic vibrational wave functions},
  volume = 	 {59},
  pages = 	 {3462}
}

@Article{ockvmjcp110,
  author = 	 {O.~Christiansen and K.~V.~Mikkelsen},
  journal = 	 jcp,
  year = 	 {1999},
  key = 	 {Coupled cluster response theory for solvated
                  molecules in equilibrium and nonequilibrium solvation},
  volume = 	 {110},
  pages = 	 {8348}
}

@Article{hcdefpbhjphmrpjpca103,
  author = 	 {H.~Cheng and D.~E.~Fowler and P.~B.~Henderson and
                  J.~P.~Hobbs and M.~R.~Pascolini},
  journal = 	 jpca,
  year = 	 {1999},
  key = 	 {On the Magnetic Susceptibility of Fluorine},
  volume = 	 {103},
  pages = 	 {2861}
}

@Article{ajcnchdjtcpl303,
  author = 	 {A.~J.~Cohen and N.~C.~Handy and D.~J.~Tozer},
  journal = 	 cpl,
  year = 	 {1999},
  key = 	 {Density functional calculations of the
                  hyperpolarizabilities of small molecules},
  volume = 	 {303},
  pages = 	 {391}
}

@Article{rcbmjtjcp110,
  author = 	 {R.~Cammi and B.~Mennucci and J.~Tomasi},
  journal = 	 jcp,
  year = 	 {1999},
  key = 	 {Nuclear magnetic shieldings in solution: Gauge
                  invariant atomic orbital calculation using the
                  polarizable continuum model},
  volume = 	 {110},
  pages = 	 {7627}
}

@Article{dmcjcp110,
  author = 	 {D.~M.~Chipman},
  journal = 	 jcp,
  year = 	 {1999},
  key = 	 {Simulation of volume polarization in reaction field
                  theory}, 
  volume = 	 {110},
  pages = 	 {8012}
}

@Article{rlcfcdlphjms28,
  author = 	 {R.~L.~Cook and F.~C.~{\mbox De Lucia} and
                  P.~Helminger}, 
  journal = 	 {J.~Mol.~Struct.},
  year = 	 {1975},
  key = 	 {Molecular force field and structure of hydrogen
                  sulfide: Recent microwave results},
  volume = 	 {28},
  pages = 	 {237}
}

@Article{rlcfcdlphjms53,
  author = 	 {R.~L.~Cook and F.~C.~{\mbox De Lucia} and
                  P.~Helminger}, 
  journal = 	 {J.~Mol.~Spectrosc.},
  year = 	 {1974},
  key = 	 {Molecular Force Field and Structure of Water: Recent
                  Microwave Results},
  volume = 	 {53},
  pages = 	 {62}
}

@Article{bctcdrsolmvgmjcp110,
  author = 	 {B.~Cromp and T.~{\mbox Carrington Jr.} and
                  D.~R.~Salahub and O.~L.~Malkina and V.~G.~Malkin},
  journal = 	 jcp,
  year = 	 {1999},
  key = 	 {Effect of rotation and vibration on nuclear magnetic
                  resonance chemical shifts: Density functional theory
                  calculations},
  volume = 	 {110},
  pages = 	 {7153}
}

@Article{gcjshabjacs121,
  author = 	 {G.~Cornilescu and {\mbox J.-S}.~Hu and A.~Bax},
  journal = 	 jacs,
  year = 	 {1999},
  key = 	 {Identification of the Hydrogen Bonding Network in a
                  Protein by Scalar Couplings},
  volume = 	 {121},
  pages = 	 {2949}
}

@Article{recirpc17,
  author = 	 {R.~E.~Continetti},
  journal = 	 {Int.~Rev.~Phys.~Chem.},
  year = 	 {1998},
  key = 	 {Photoelectron-photofragment coincidence studies of
                  dissociation dynamics},
  volume = 	 {17},
  pages = 	 {227}
}

@Article{jrcmjffjdpjscpl252,
  author = 	 {J.~R.~Cheeseman and M.~J.~Frisch and F.~J.~Devlin
                  and P.~J.~Stephens},
  journal = 	 cpl,
  year = 	 {1996},
  key = 	 {Ab initio calculation of atomic axial tensors and
                  vibrational rotational strengths using density
                  functional theory},
  volume = 	 {252},
  pages = 	 {211}
}

@Article{mcjmajgcprl59,
  author = 	 {M.~Carvajal and J.~M.~Arias and J.~{\mbox
                  G\'{o}mez-Camacho}}, 
  journal = 	 pra,
  year = 	 {1999},
  key = 	 {Configuration localized Morse wave functions:
                  Application to vibrational transitions in anharmonic
                  diatomic molecules},
  volume = 	 {59},
  pages = 	 {1852}
}

@Article{wcjms86,
  author = 	 {W.~Caminati},
  journal = 	 {J.~Mol.~Spectrosc.},
  year = 	 {1981},
  key = 	 {Conformation and Hydrogen Bond in 1,2-Propanediol},
  volume = 	 {193},
  pages = 	 {193}
}

%D-bokstav

@Article{sdgwfdtfghkgzprmp71,
  author = 	 {S.~Datz and G.~W.~F.~Drake and T.~F.~Gallagher and
                  H.~Kleinpoppen and G.~{\mbox zu Putlitz}},
  journal = 	 rmp,
  year = 	 {1999},
  key = 	 {Atomic physics},
  volume = 	 {71},
  pages = 	 {223}
}

@Article{jbdaclerwpccp2,
  author = 	 {J.~B.~Davey and A.~C.~Legon and E.~R.~Waclawik},
  journal = 	 pccp,
  year = 	 {2000},
  key = 	 {Inter- and intramolecular electronic transfer on
                  formation of H3P...ICl as determined by rotational
                  spectroscopy}, 
  volume = 	 {2},
  pages = 	 {2265}
}

@Article{adbjcp112,
  author = 	 {A.~D.~Becke},
  journal = 	 jcp,
  year = 	 {2000},
  key = 	 {Simulation of delocalized exchange by local density
                  functionals},
  volume = 	 {112},
  pages = 	 {4020}
}

@Article{jbdaclerwcpl306,
  author = 	 {J.~B.~Davey and A.~C.~Legon and E.~R.~Waclawik},
  journal = 	 cpl,
  year = 	 {1999},
  key = 	 {Iodine and chlorine nuclear quadrupole coupling in
                  the rotational spectra of Ar...ICl and ICl:
                  intramolecular charge transfer induced in ICl by
                  Ar}, 
  volume = 	 {306},
  pages = 	 {133}
}

@Article{fjdpjsjacs121,
  author = 	 {F.~J.~Devlin and P.~J.~Stephens},
  journal = 	 jacs,
  year = 	 {1999},
  key = 	 {Conformational Analysis Using ab Initio Vibrational
                  Spectroscopy: 3-Methylcyclohexanone},
  volume = 	 {121},
  pages = 	 {7413}
}

@Article{jedbsrgrjbjpca102,
  author = 	 {J.~E.~{\mbox Del Bene} and S.~R.~Gwaltney and
                  R.~J.~Bartlett}, 
  journal = 	 jpca,
  year = 	 {1998},
  key = 	 {Base Properties of H2CO in the Excited 1n->pi* State},
  volume = 	 {102},
  pages = 	 {5124}
}

@Article{fjdjpca101,
  author = 	 {F.~J.~Devlin and P.~J.Stephens and J.~R.~Cheeseman
                  and M.~J.~Frisch},
  journal = 	 jpca,
  year = 	 {1997},
  key = 	 {Ab Initio Prediction of Vibrational Absorption and
                  Circular Dichroism Spectra of Chiral Natural
                  Products Using Density Functional Theory:
                  alpha-Pinene}, 
  volume = 	 {101},
  pages = 	 {9912}
}

@Article{fjdpjsjrcmjfjpca101,
  author = 	 {F.~J.~Devlin and P.~J.~Stephens and J.~R.~Cheeseman
                  and M.~J.~Frisch},
  journal = 	 jpca,
  year = 	 {1997},
  key = 	 {Ab Initio Prediction of Vibrational Absorption and
                  Circular Dichroism Spectra of Chiral Natural
                  Products Using Density Functional Theory: Camphor
                  and Fenchone},
  volume = 	 {101},
  pages = 	 {6322}
}

@Article{fjdpjsjpca103,
  author = 	 {F.~J.~Devlin and P.~J.~Stephens},
  journal = 	 jpca,
  year = 	 {1999},
  key = 	 {Ab Initio Density Functional Theory Study of the
                  Structure and Vibrational Spectra of Cyclohexanone
                  and its Isotopomers},
  volume = 	 {103},
  pages = 	 {527}
}

%E-bokstav

@Article{uetjpptkvebjacs109,
  author = 	 {U.~Edlund and T.~Lejon and P.~Pyykk\"{o} and
                  T.~K.~Venkatachalam and E.~Buncel}, 
  journal = 	 jacs,
  year = 	 {1987},
  key = 	 {7Li, 29Si, 119Sn, and 207Pb NMR Studies of
                  Phenyl-Substituted Group 4 Anions},
  volume = 	 {109},
  pages = 	 {5982}
}

@Article{telvtshjajjojcp112,
  author = 	 {T.~Enevoldsen and L.~Visscher and T.~Saue and
                  H.~J.~Aa.~Jensen and J.~Oddershede},
  journal = 	 jcp,
  year = 	 {2000},
  key = 	 {Relativistic four-component calculations of indirect
                  nuclear spin-spin couplings in MH4 (M=C, Si, Ge, Sn,
                  Pb) and Pb(CH3)3H},
  volume = 	 {112},
  pages = 	 {3493}
}

@Article{meovhacp243,
  author = 	 {M.~Engstr\"{o}m and O.~Vahtras and H.~{\AA}gren},
  journal = 	 cp,
  year = 	 {1999},
  key = 	 {Hartree-Fok linear response calculations of
                  g-tensors of substituted benzene radicals},
  volume = 	 {243},
  pages = 	 {263}
}

@Article{fehjwcpl302,
  author = 	 {F.~Eckert and H.-J.~Werner},
  journal = 	 cpl,
  year = 	 {1999},
  key = 	 {Local interpolation of ab initio potential energy
                  surfaces for direct dynamics studies of chemical
                  reactions}, 
  volume = 	 {302},
  pages = 	 {208}
}

@Article{oephhlsewsjcp110,
  author = 	 {O.~Engkvist and P.~Hobza and H.~L.~Selzle and
                  E.~W.~Schlag}, 
  journal = 	 jcp,
  year = 	 {1999},
  key = 	 {Benzene trimer and benzene tetramer: Structures and
                  properties determined by the nonempirical model
                  (NEMO) potential calibrated from the CCSD(T) benzene
                  dimer energies},
  volume = 	 {110},
  pages = 	 {5758}
}

%F-bokstav

@Article{pforjpca103,
  author = 	 {P.~Fuentealba and O.~Rayes},
  journal = 	 jpca,
  year = 	 {1999},
  key = 	 {Density Functional Study of LinHm Clusters. Electric
                  Dipole Polarizabilities}, 
  volume = 	 {103},
  pages = 	 {1376}
}

@Article{jcfcpl322,
  author = 	 {J.~C.~Facelli},
  journal = 	 {cpl},
  year = 	 {2000},
  key = 	 {Nitrogen-15 chemical shift in the pyridine-methanol
                  complex}, 
  volume = 	 {322},
  pages = 	 {91}
}

@Article{kfhbkjjsscp255,
  author = 	 {K.~Frimand and H.~Bohr and K.~J.~Jalkanen and S.~Suhai},
  journal = 	 cp,
  year = 	 {2000},
  key = 	 {Structures, vibrational absorption and vibrational
                  circular dichroism spectra of L-alanine in aqueous
                  solution: a density functional theory and RHF study},
  volume = 	 {255},
  pages = 	 {165}
}

@Article{hftbykjcp112,
  author = 	 {H.~Fukui and T.~Baba and Y.~Kurogi},
  journal = 	 jcp,
  year = 	 {2000},
  key = 	 {Calculation of nuclear spin-spin
                  couplings. X. Analytical derivative method of
                  perturbation energy},
  volume = 	 {112},
  pages = 	 {3532}
}

@Article{mbfmccjcp110,
  author = 	 {M.~B.~Ferraro and M.~C.~Caputo},
  journal = 	 jcp,
  year = 	 {1999},
  key = 	 {Ab initio calculation of atomic contributions to the
                  magnetic susceptibility by continuous transformation
                  of the origin of the current density in HF, H2O,
                  NH3, and CH4 molecules},
  volume = 	 {110},
  pages = 	 {10706}
}

@Article{jsfjcesfjgjcp112,
  author = 	 {J.~{\mbox San Fabi\'{a}n} and J.~Casanueva and
                  E.~{\mbox San Fabi\'{a}n} and J.~Guilleme},
  journal = 	 jcp,
  year = 	 {2000},
  key = 	 {MCSCF calculations of NMR spin-spin coupling
                  constant of the HF molecule},
  volume = 	 {112},
  pages = 	 {4143}
}

@Article{jmfccppahbhwjms167,
  author = 	 {J.-M.~Flaud and C.~{\mbox Camy-Peyret} and {\mbox
                  Ph}.~Arcas and H.~B\"{u}rger and H.~Willner},
  journal = 	 {J.~Mol.~Spectrosc.},
  year = 	 {1994},
  key = 	 {H280Se: High Resolution Study of the 3v2, v1+v2, and
                  v2+v3 Bands and Determination of Equilibrium
                  Rotational Constants and Structure},
  volume = 	 {167},
  pages = 	 {383}
}

@Article{pwfwtrmp45,
  author = 	 {P.~W.~Fowler and W.~T.~Raynes},
  journal = 	 mp,
  year = 	 {1982},
  key = 	 {The effects of vibration-rotation on the quadrupole
                  moment, rotational g-factor and spin-rotation
                  parameters of the water molecule},
  volume = 	 {45},
  pages = 	 {667}
}

@Article{pwfdmfzjacs121,
  author = 	 {P.~W.~Fowler and D.~Mitchell and F.~Zerbetto},
  journal = 	 jacs,
  year = 	 {1999},
  key = 	 {C36: The Best Fullerene for Covalent Bonding},
  volume = 	 {121},
  pages = 	 {3218}
}

@Article{mbfmccmezcp241,
  author = 	 {M.~B.~Ferraro and M.~C.~Caputo and M.~E.~Zitto},
  journal = 	 cp,
  year = 	 {1999},
  key = 	 {Calculation of nuclear magnetic shielding using a
                  parametric gauge for the vector potential},
  volume = 	 {241},
  pages = 	 {1}
}

%G-bokstav

@Article{bgtbmclgjpca103,
  author = 	 {B.~Gatehouse and {Th}.~Brupbacher and
                  M.~C.~L.~Gerry}, 
  journal = 	 jpca,
  year = 	 {1999},
  key = 	 {Fourier Transform Microwave Spectrum, Geometry, and
                  Hyperfine Coupling Constants of Phosphenous
                  Fluoride, OPF},
  volume = 	 {103},
  pages = 	 {560}
}

@Article{jghjwpccp2,
  author = 	 {J.~Gauss and H.-J.~Werner},
  journal = 	 pccp,
  year = 	 {2000},
  key = 	 {NMR chemical shift calculations within local
                  correlation methods: the GIAO-LMP2 approach},
  volume = 	 {2},
  pages = 	 {2083}
}

@Article{jgjfspccp2,
  author = 	 {J.~Gauss and J.~F.~Stanton},
  journal = 	 pccp,
  year = 	 {2000},
  key = 	 {Analytiuc first and second derivatives for the
                  CCSDT-n(n=1-3) models: a first step towards the
                  efficient calculation of CCSDT properties},
  volume = 	 {2},
  pages = 	 {2047}
}

@Article{tgfmrcjcp111,
  author = 	 {T.~Gregor and F.~Mauri and R.~Car},
  journal = 	 jcp,
  year = 	 {1999},
  key = 	 {A comparison of methods for the calculation of NMR
                  chemical shifts},
  volume = 	 {111},
  pages = 	 {1815}
}

@Article{agpra59,
  author = 	 {A.~G\"{o}rling},
  journal = 	 pra,
  year = 	 {1999},
  key = 	 {Density-functional theory beyond the Hohenberg-Kohn
                  theorem}, 
  volume = 	 {59},
  pages = 	 {3359}
}

@Article{gmgggfhnlsbjclprl82,
  author = 	 {G.~M.~Gale and G.~Gallot and F.~Hache and N.~Lascoux
                  and S.~Bratos and {\mbox J.-Cl}.~Leicknam},
  journal = 	 prl,
  year = 	 {1999},
  key = 	 {Femtosecond Dynamics of Hydrogen Bonds in Liquid
                  Water: A Real Time Study},
  volume = 	 {82},
  pages = 	 {1068}
}

%H-bokstav

@Article{dhrmp71,
  author = 	 {D.~Herschbach},
  journal = 	 rmp,
  year = 	 {1999},
  key = 	 {Chemical physics: Molecular clouds, clusters, and
                  corrals}, 
  volume = 	 {71},
  pages = 	 {411}
}

@Article{mhrkhncpl321,
  author = 	 {M.~Hada and R.~Fukuda and H.~Nakatsuji},
  journal = 	 cpl,
  year = 	 {2000},
  key = 	 {Dirac-Fock calculations of the magnetic shielding
                  constants of protons and heavy nuclei in XH2
                  (X=I,S,Se, and Te): a comparison with
                  quasi-relativistic calculations},
  volume = 	 {321},
  pages = 	 {452}
}

@Article{ahbkhhmjcp253,
  author = 	 {A.~Halkier and B.~Kirchner and H.~Huber and
                  M.~Jaszu\'{n}ski}, 
  journal = 	 cp,
  year = 	 {2000},
  key = 	 {Nuclear quadrupole coupling constant of 21Ne in the
                  neon dimer and its influence on the T1 NMR
                  relaxation time in fluid neon},
  volume = 	 {253},
  pages = 	 {183}
}

@Article{bahbbpc101,
  author = 	 {B.~A.~He{\s}},
  journal = 	 {Ber.~Bunsenges.~Phys.~Chem},
  year = 	 {1997},
  key = 	 {Relativistic Effects in Heavy-Element Chemistry},
  volume = 	 {101},
  pages = 	 {1}
}

@Article{ahsccpl303,
  author = 	 {A.~Halkier and S.~Coriani},
  journal = 	 cpl,
  year = 	 {1999},
  key = 	 {On the molecular electric quadrupole moment of C2H2},
  volume = 	 {303},
  pages = 	 {408}
}

@Article{ahprtcpl285,
  author = 	 {A.~Halkier and P.~R.~Taylor},
  journal = 	 cpl,
  year = 	 {1998},
  key = 	 {A theoretical investigation of the equilibrium
                  electric dipole moment of ammonia},
  volume = 	 {285},
  pages = 	 {133}
}

@Article{ahhljopjjgjcp110,
  author = 	 {A.~Halkier and H.~Larsen and J.~Olsen and
                  P.~J{\o}rgsen and J.~Gauss},
  journal = 	 jcp,
  year = 	 {1999},
  key = 	 {Full configuration interaction benchmark
                  calculations of first-order one-electron properties
                  of BH and HF},
  volume = 	 {110},
  pages = 	 {734}
}

@Article{ahhljopjjcp110,
  author = 	 {A.~Halkier and H.~Larsen and J.~Olsen and
                  P.~{\o}rgensen},
  journal = 	 jcp,
  year = 	 {1999},
  key = 	 {Divergent behavior of M{\o}ller-Plesset perturbation
                  theory for molecular electric dipole and quadrupole
                  moments}, 
  volume = 	 {110},
  pages = 	 {7127}
}

@Article{mchwkyajacs121,
  author = 	 {M.~C.~Holthausen and W.~Koch and Y.~Apeloig},
  journal = 	 jacs,
  year = 	 {1999},
  key = 	 {Theory Predicts Triplet Ground-State Organic
                  Silylenes}, 
  volume = 	 {121},
  pages = 	 {2623}
}

@Article{nchscsmcmp96,
  author = 	 {N.~C.~Handy and S.~Carter and S.~M.~Colwell},
  journal = 	 mp,
  year = 	 {1999},
  key = 	 {The vibrational energy levels of ammonia},
  volume = 	 {96},
  pages = 	 {477}
}

@Article{twhhwrmp71,
  author = 	 {T.~W.~H\"{a}nsch and H.~Walther},
  journal = 	 rmp,
  year = 	 {1999},
  key = 	 {Laser spectroscopy and quantum optics},
  volume = 	 {71},
  pages = 	 {242}
}

%I-bokstav

@Article{ediaspmpdrhbbcatprl82,
  author = 	 {E.~D.~Isaacs and A.~Shukla and P.~M.~Platzman and
                  D.~R.~Hamann and B.~Barbiellini and C.~A.~Tulk},
  journal = 	 prl,
  year = 	 {1999},
  key = 	 {Covalency of the Hydrogen Bond in Ice: A Direct
                  X-Ray Measurement},
  volume = 	 {82},
  pages = 	 {600}
}

@Article{veimgpsgrcpl307,
  author = 	 {V.~E.~Ingamells and M.~G.~Papadopoulos and
                  S.~G.~Raptis}, 
  journal = 	 cpl,
  year = 	 {1999},
  key = 	 {Vibrational effects on the polarizability and
                  second hyperpolarizability of ethylene},
  volume = 	 {307},
  pages = 	 {484}
}

%J-bokstav

@Article{kjmjwmjvjmr135,
  author = 	 {K.~Jackowski and M.~Jaszu\'{n}ski and W.~Makulski
                  and J.~Vaara},
  journal = 	 jmr,
  year = 	 {1999},
  key = 	 {Rovibrationally Averaged Nuclear Shielding Constants
                  in OCS},
  volume = 	 {135},
  pages = 	 {444}
}

@Article{sjimcpl317,
  author = 	 {S.~Jenkins and I.~Morrison},
  journal = 	 cpl,
  year = 	 {2000},
  key = 	 {The chemical character of the intermolecular bonds
                  of seven phases of ice as revealed by ab initio
                  calculation of electron densities},
  volume = 	 {317},
  pages = 	 {97}
}

@Article{pjinkjms160,
  author = 	 {P.~Jensen and I.~N.~Kozin},
  journal = 	 {J.~Mol.~Spectrosc.},
  year = 	 {1993},
  key = 	 {The Potential Energy Surface for the Electronic
                  Ground State of H2Se Derived from Experiment},
  volume = 	 {160},
  pages = 	 {39}
}

@Article{pjprbjms94,
  author = 	 {P.~Jensen and P.~R.~Bunker},
  journal = 	 {J.~Mol.~Spectrosc.},
  year = 	 {1982},
  key = 	 {The Geometry and the Inversion Potential Function of
                  Formaldehyde in the A 1A2 and a 3A2 Electronic States},
  volume = 	 {94},
  pages = 	 {114},
}

@Article{rhcjjmbdntsrmgpjcp110,
  author = 	 {R.~H.~C.~Janssen and {\mbox J.-M.}~Bomont and
                  D.~N.~Theodorou and S.~Raptis and
                  M.~G.~Papadopoulos}, 
  journal = 	 jcp,
  year = 	 {1999},
  key = 	 {Computer simulation of the linear and nonlinear
                  optical properties of liquid benzene: Its local
                  fields, refractive index, and second nonlinear
                  susceptibility}, 
  volume = 	 {110},
  pages = 	 {6463}
}

%K-bokstav

@Article{pmkkwppbhyxyljpca103,
  author = 	 {P.~M.~Kozlowski and K.~Wolinski and P.~Pulay and
                  B.-H.~Ye and X.-Y.~Li},
  journal = 	 jpca,
  year = 	 {1999},
  key = 	 {GIAO Nuclear Magnetic Shielding Tensors in Free Base
                  Porphyrin and in Magnesium and Zinc
                  Metalloporphyrins}, 
  volume = 	 {103},
  pages = 	 {420}
}

@Article{wkjcp110,
  author = 	 {W.~Kutzelnigg},
  journal = 	 jcp,
  year = 	 {1999},
  key = 	 {Effective Hamiltonians for degenerate and
                  quasidegenerate direct perturbation theory of
                  relativistic effects},
  volume = 	 {110},
  pages = 	 {8283}
}

@Article{pbkkmcpl317,
  author = 	 {P.~B.~Karadakov and K.~Morokuma},
  journal = 	 cpl,
  year = 	 {2000},
  key = 	 {ANIOM as an efficient tool for calculating NMR
                  chemical shielding constants in large molecules},
  volume = 	 {317},
  pages = 	 {589}
}

@Article{tkkskyjcp112,
  author = 	 {T.~Kobayashi and K.~Sasagane and K.~Yamaguchi},
  journal = 	 jcp,
  year = 	 {2000},
  key = 	 {Frequency-dependent second hyperpolarizabilities in
                  the time-dependent restricted open-shell
                  Hartree-Fock theory: Application to the Li, Na, K,
                  and N atoms},
  volume = 	 {112},
  pages = 	 {7903}
}

@Article{rkkpwdnbjpca103,
  author = 	 {R.~K.~Kondru and P.~Wipf and D.~N.~Beratan},
  journal = 	 jpca,
  year = 	 {1999},
  key = 	 {Structural and Conformational Dependence of Optical
                  Rotation Angles},
  volume = 	 {103},
  pages = 	 {6603}
}

@Article{tkgpplwsmric37,
  author = 	 {T.~Kupka and G.~Pasterna and P.~Lodowski and
                  W.~Szeja},
  journal = 	 mric,
  year = 	 {1999},
  key = 	 {GIAO-DFT prediction of accurate NMR parameters in
                  selected glucose derivatives},
  volume = 	 {37},
  pages = 	 {421}
}

@Article{gkawnchrtppjms176,
  author = 	 {G.~Klatt and A.~Willetts and N.~C.~Handy and
                  R.~Tarroni and P.~Palmiere},
  journal = 	 {J.~Mol.~Spectrosc.},
  year = 	 {1996},
  key = 	 {An improved Anharmonic Potential for CHF3},
  volume = 	 {176},
  pages = 	 {64}
}

@Article{kktsmuktyskocpl302,
  author = 	 {K.~Kamada and T.~Sugino and M.~Ueda and K.~Tawa and
                  Y.~Shimizu and K.~Ohta},
  journal = 	 cpl,
  year = 	 {1999},
  key = 	 {Femtosecond optical Kerr study of heavy-atom effects
                  on the third-order optical non-linearity of
                  thiophene homologues: electronic hyperpolarizability
                  of tellurophene},
  volume = 	 {302},
  pages = 	 {615}
}

@Article{jktzsaa55,
  author = 	 {J.~Khandogin and T.~Ziegler},
  journal = 	 sa,
  year = 	 {1999},
  key = 	 {A density functional study of nuclear magnetic
                  resonance spin-spin coupling constants in
                  transition-metal systems},
  volume = 	 {55},
  pages = 	 {607}
}

@Article{skhabfmjms311,
  author = 	 {S.~Knuts and H.~{\AA}gren and B.~F.~Minaev},
  journal = 	 {J.~Mol~Struct.~(THEOCHEM)},
  year = 	 {1994},
  key = 	 {Phosphorescence of aromatic molecules},
  volume = 	 {311},
  pages = 	 {185}
}

%L-bokstav

@Article{zldwrfjmmmavpjpca103,
  author = 	 {Z.~Li and D.~W.~Rogers and F.~J.~McLafferty and
                  M.~Mandziuk and A.~V.~Podosenin}, 
  journal = 	 jpca,
  year = 	 {1999},
  key = 	 {Ab Initio Calculation of Enthalpies of
                  Hydrogenation, Isomerization, and Formation of
                  Cyclic C6 Hydrocarbons. Benzene Isomers},
  volume = 	 {103},
  pages = 	 {426}
}

@Article{jmlmdjlabcbkjcp111,
  author = 	 {J.~M.~Luis and M.~Duran and J.~L.~Andr\'{e}s and
                  B.~Champagne and B.~Kirtman}, 
  journal = 	 jcp,
  year = 	 {1999},
  key = 	 {Finite field treatment of vibrational
                  polarizabilities and hyperpolarizabilities: On the
                  role of the Eckart conditions, their implementation,
                  and their use in characterizing key vibrations},
  volume = 	 {111},
  pages = 	 {875}
}

@Article{hljochpjocjgjcp111,
  author = 	 {H.~Larsen and J.~Olsen and C.~H\"{a}ttig and
                  P.~J{\o}rgensen and O.~Christiansen and J.~Gauss},
  journal = 	 jcp,
  year = 	 {1999},
  key = 	 {Polarizabilities and first hyperpolarizabilities of
                  HF, Ne, and BH from full configuration interaction
                  and coupled cluster calculations},
  volume = 	 {111},
  pages = 	 {1917}
}

@Article{dwlgldrcpl310,
  author = 	 {D.~W.~Lamb and G.~L.~D.~Ritchie},
  journal = 	 cpl,
  year = 	 {1999},
  key = 	 {Cotton-Mouton effect, magnetizability anisotropy and
                  molecular charge distribution of boron trichloride}, 
  volume = 	 {310},
  pages = 	 {150}
}

@Article{polijqc72,
  author = 	 {P.-O.~L\"{o}wdin},
  journal = 	 ijqc,
  year = 	 {1999},
  key = 	 {Connection Between Semi-Empirical and Ab Initio
                  Methods in the Quantum Theory of Molecular
                  Electronic Spectra},
  volume = 	 {72},
  pages = 	 {379}
}

@Article{hllyshxwqszjcp112,
  author = 	 {H.~Lin and L.~Yuan and S.~He and X.~Wang and
                  Q.-S.~Zhu}, 
  journal = 	 jcp,
  year = 	 {2000},
  key = 	 {The ab initio calculated dipole moment surface and
                  overtone relative intensities of CH chromophore in CHCl3},
  volume = 	 {112},
  pages = 	 {7484}
}

@Article{slidhdlasrmjpca103,
  author = 	 {S.~Lin and I.~D.~Hands and D.~L.~Andrews and
                  S.~R.~Meech}, 
  journal = 	 jpca,
  year = 	 {1999},
  key = 	 {Optically Induced Second Harmonic Generation by
                  Six-Wave Mixing: A Novel Probe of Solute
                  Orientational Dynamics},
  volume = 	 {103},
  pages = 	 {3830}
}

@Article{rlabmscpl303,
  author = 	 {R.~Lindh and A.~Bernhardsson and M.~Sch\"{u}tz},
  journal = 	 cpl,
  year = 	 {1999},
  key = 	 {Force-constant weighted redundant coordinates in
                  molecular geometry optimizations},
  volume = 	 {303},
  pages = 	 {567}
}

@Article{sallapzsjpca103,
  author = 	 {S.~A.~Locknar and L.~A.~Peteanu and Z.~Shuai},
  journal = 	 jpca,
  year = 	 {1999},
  key = 	 {Calculation of Ground and Excited State
                  Polarizabilities of Unsubstituted and Donor/Acceptor
                  Polyenes: A Comparison of the Finite-Field and
                  Sum-Over-States Methods},
  volume = 	 {103},
  pages = 	 {2197}
}

@Article{amlnchpra59,
  author = 	 {A.~M.~Lee and N.~C.~Handy},
  journal = 	 pra,
  year = 	 {1999},
  key = 	 {Exchange vector potentials in current-density
                  functional theory},
  volume = 	 {59},
  pages = 	 {209}
}

@Article{welwpsmoschtrmp71,
  author = 	 {W.~E.~Lamb and W.~P.~Schleich and M.~O.~Scully and
                  C.~H.~Townes}, 
  journal = 	 rmp,
  year = 	 {1999},
  key = 	 {Laser physics: Quantum controversy in action},
  volume = 	 {71},
  pages = 	 {263}
}

%M-bokstav

@Article{gemjdbhawrmp71,
  author = 	 {G.~E.~Mitchell and J.~D.~Bowman and
                  H.~A.~Weidenm\"{u}ller}, 
  journal = 	 rmp,
  year = 	 {1999},
  key = 	 {Parity violation in the compund nucleus},
  volume = 	 {71},
  pages = 	 {445}
}

@Article{jmjmlmdmp98,
  author = 	 {J.~Marti and J.~M.~Luis and M.~Duran},
  journal = 	 mp,
  year = 	 {2000},
  key = 	 {Theoretical study of the second-order vibrational
                  Stark effect},
  volume = 	 {98},
  pages = 	 {513}
}

@Article{eamcpl317,
  author = 	 {E.~A.~Moore},
  journal = 	 cpl,
  year = 	 {2000},
  key = 	 {Absolute 15N shielding in dinitrogen trioxide:
                  recalculation of the shielding tensors},
  volume = 	 {317},
  pages = 	 {360}
}

@Article{remfdaciee38,
  author = 	 {R.~E.~Martin and F.~Diederich},
  journal = 	 {aciee},
  year = 	 {1999},
  key = 	 {Linear Monodisperse pi-Conjugated Oligomers: Model
                  Compounds for Polymers and More},
  volume = 	 {38},
  pages = 	 {1351}
}

@Article{jmmvbwcwlhhbsjcp111,
  author = 	 {J.~M.~Millam and V.~Bakken and W.~Chen and
                  W.~L.~Hase and H.~B.~Schlegel},
  journal = 	 jcp,
  year = 	 {1999},
  key = 	 {Ab initio classical trajectories on the
                  Born-Oppenheimer surface: Hessian-based integrators
                  using fifth-order polynomial and rational function fits},
  volume = 	 {111},
  pages = 	 {3800}
}

@Article{bmhaijqc72,
  author = 	 {B.~Minaev and H.~{\AA}gren},
  journal = 	 ijqc,
  year = 	 {1999},
  key = 	 {Spin Uncoupling in Ethylene Activation by Palladium
                  and Platinum Atoms},
  volume = 	 {72},
  pages = 	 {581}
}

@Article{hjmijqc72,
  author = 	 {H.~J.~Monkhorst},
  journal = 	 ijqc,
  year = 	 {1999},
  key = 	 {Views of a Molecule by Chemists and Physicists},
  volume = 	 {72},
  pages = 	 {281}
}

@Article{mmjpca103,
  author = 	 {M.~Molski},
  journal = 	 jpca,
  year = 	 {1999},
  key = 	 {Extension of Dunham's Analytical Treatment of Highly
                  Resolved Infrared and Microwave Spectra of Diatomic
                  Molecules}, 
  volume = 	 {103},
  pages = 	 {5269}
}

@Article{gmdxjpca103,
  author = 	 {G.~Maroulis and D.~Xenides},
  journal = 	 jpca,
  year = 	 {1999},
  key = 	 {Enhanced Linear and Nonlinear Polarizabilities for
                  the Li4 Cluster. How Satisfactory Is the Agreement
                  between Theory and Experiment for the Static Dipole
                  Polarizability}, 
  volume = 	 {103},
  pages = 	 {4590},
}

@Article{mmcpl306,
  author = 	 {M.~Molski},
  journal = 	 cpl,
  year = 	 {1999},
  key = 	 {Electric and magnetic properties of LiH X 1Sigma+
                  from analysis of pure rotational and
                  vibration-rotational spectra},
  volume = 	 {306},
  pages = 	 {88}
}

@Article{arwmyxwjcbjcp110,
  author = 	 {A.~R.~W.~McKellar and Y.~Xu and W.~J\"{a}ger and
                  C.~Bissonnette}, 
  journal = 	 jcp,
  year = 	 {1999},
  key = 	 {Isotopic probing of very weak intermolecular forces:
                  Microwave and infrared spectra of CO-He isotopomers},
  volume = 	 {110},
  pages = 	 {10766}
}

@Article{jmlmtjlprtjpfjcp103,
  author = 	 {J.~M.~L.~Martin and T.~J.~Lee and P.~R.~Taylor and
                  {\mbox J.-P}.~Fran\c{c}ois},
  journal = 	 jcp,
  year = 	 {1995},
  key = 	 {The anharmonix force field of ethylene, C2H4, by
                  means of accurate ab initio calculations},
  volume = 	 {103},
  pages = 	 {2589}
}

@Article{bmrcjtjcp110,
  author = 	 {B.~Mennucci and R.~Cammi and J.~Tomasi},
  journal = 	 jcp,
  year = 	 {1999},
  key = 	 {Analytical free energy second derivatives with
                  respect to nuclear coordinates: Complete formulation
                  for electrostatic continuum solvation models},
  volume = 	 {110},
  pages = 	 {6858}
}

@Article{gnmmsgjcp110,
  author = 	 {G.~N.~Merrill and M.~S.~Gordon},
  journal = 	 jcp,
  year = 	 {1999},
  key = 	 {On the question of empirical corrections in ab
                  initio model chemistries},
  volume = 	 {110},
  pages = 	 {6154}
}

@Article{lmrmp71,
  author = 	 {L.~Mandel},
  journal = 	 rmp,
  year = 	 {1999},
  key = 	 {Qauntum effects in one-photon and two-photon
                  interference}, 
  volume = 	 {71},
  pages = 	 {274}
}

@Article{mmcpl296,
  author = 	 {M.~Manoharan},
  journal = 	 cpl,
  year = 	 {1998},
  key = 	 {On understanding the unique role of electrophilicity
                  on C60 reactivity and strain on exothermicity in
                  Diels-Alder and epoxidation reactions},
  volume = 	 {1998},
  pages = 	 {429}
}

%N-bokstav

@Article{pnylhacpl296,
  author = 	 {P.~Norman and Y.~Luo and H.~{\AA}gren},
  journal = 	 cpl,
  year = 	 {1998},
  key = 	 {Structure-to-property relations for two-photon
                  absorption of hydrocarbon oligomers},
  volume = 	 {296},
  pages = 	 {8}
}

@Article{hnkhcpl317,
  author = 	 {H.~Nakano and K.~Hirao},
  journal = 	 cpl,
  year = 	 {2000},
  key = 	 {A quasi-complete active space self-consistent method},
  volume = 	 {317},
  pages = 	 {90}
}

@Article{pnpmylhajcp110,
  author = 	 {P.~Norman and P.~Macak and Y.~Luo and H.~{\AA}gren},
  journal = 	 jcp,
  year = 	 {1999},
  key = 	 {Vibrational contributions to solute molecular
                  properties obtained through a semicalssical model
                  employing ellipsoidal cavities},
  volume = 	 {110},
  pages = 	 {7960}
}

@InCollection{dmbpnhandbook,
  author = 	 {D.~M.~Bishop and P.~Norman},
  booktitle = 	 {Handbook of Advanced Electronic and Photonic Materials},  
  key = 	 {Calculations of dynamic hyperpolarizabilities for
                  small and medium sized molecules},
  publisher = {Academic Press},
  year = 	 {2000},
  editor = 	 {H.~S.~Nalwa},
  address = 	 {San Diego},
}

@InCollection{bcbkhandbook,
  author = 	 {B.~Champagne and B.~Kirtman}
  booktitle = 	 {Handbook of Advanced Electronic and Photonic Materials},  
  publisher = {Academic Press},
  year = 	 {2000},
  editor = 	 {H.~S.~Nalwa},
  address = 	 {San Diego},
}

@Article{lsnmaraerrbgjcp105,
  author = 	 {L.~S.~Norris and M.~A.~Ratner and A.~E.~Roitberg and
                  R.~B.~Gerber}, 
  journal = 	 jcp,
  year = 	 {1996},
  key = 	 {Moller-Plesset perturbation theory applied to
                  vibrational problems},
  volume = 	 {105},
  pages = 	 {11261}
}

@Article{yntikastkcpl302,
  author = 	 {Y.~Nagano and T.~Ikoma and K.~Akiyama and S.~{\mbox
                  Tero-Kubota}}, 
  journal = 	 cpl,
  year = 	 {1999},
  key = 	 {Electronic and molecular structures of
                  alpha,omega-diphenylpolyynes in the lowest excited
                  triplet states},
  volume = 	 {302},
  pages = 	 {201}
}

%O-bokstav

@Article{joipvsjms152,
  author = 	 {J.~Oddershede and I.~Paidarov\'{a} and V.~\v{S}pirko},
  journal = 	 {J.~Mol.~Spectrosc.},
  year = 	 {1999},
  key = 	 {The Vibrational Dependence of the Magnetic Hyperfine
                  Interaction Constants of Ammonia},
  volume = 	 {152},
  pages = 	 {342}
}

@Article{montabjacs119,
  author = 	 {M.~Ottiger and N.~Tjandra and A.~Bax},
  journal = 	 jacs,
  year = 	 {1997},
  key = 	 {Magnetic Field Dependent Amide 15N Chemical Shifts
                  in a Protein-DNA Complex Resulting from Magnetic
                  Ordering in Solution},
  volume = 	 {119},
  pages = 	 {9825}
}

@Article{aedophgrlahrebjpca103,
  author = 	 {A.~E.~{\mbox de Oliviera} and P.~H.~Guadagnini and
                  R.~L.~A.~Haiduke and R.~E.~Bruns},
  journal = 	 jpca,
  year = 	 {1999},
  key = 	 {A Simple Potential Model Criterion for the Quality
                  of Atomic Charges},
  volume = 	 {103},
  pages = 	 {4918}
}

@Article{proacr32,
  author = 	 {P.~R.~Ogilby},
  journal = 	 {Acc.~Chem.~Res.},
  year = 	 {1999},
  key = 	 {Solvent Effects on the Radiative Transitions of
                  Singlet Oxygen},
  volume = 	 {32},
  pages = 	 {512}
}

@Article{mormahjcp110,
  author = 	 {M.~Okruss and R.~M\"{u}ller and A.~Hese},
  journal = 	 jcp,
  year = 	 {1999},
  key = 	 {High-resolution ultraviolet laser spectroscopy on
                  jet-cooled benzene molecules: Ground and excited
                  electronic state polarizabilities determined from
                  static Stark effect measurements},
  volume = 	 {110},
  pages = 	 {10393}
}

%P-bokstav

@Article{plpczjacs121,
  author = 	 {P.~L.~Polavarapu and C.~Zhao},
  journal = 	 jacs,
  year = 	 {1999},
  key = 	 {Ab Initio Predictions of Anomalous Optical Rotatory
                  Dispersion}, 
  volume = 	 {121},
  pages = 	 {246}
}

@Article{mpjscp255,
  author = 	 {M.~Pecul and J.~Sadlej},
  journal = 	 cp,
  year = 	 {2000},
  key = 	 {The nuclear spin-spin coupling constants in methanol
                  and methylamine: geometry and solvent effects},
  volume = 	 {255},
  pages = 	 {137}
}

@Article{mpjljsjcp112,
  author = 	 {M.~Pecul and J.~Leszczynski and J.~Sadlej},
  journal = 	 jcp,
  year = 	 {2000},
  key = 	 {Comprehensive ab initio studies of nuclear magnetic
                  resonance shielding and coupling constants in XH...O
                  hydrogen-bonded complexes of simple organic molecules},
  volume = 	 {112},
  pages = 	 {7930}
}

@Article{mpmjhlpjjcp112,
  author = 	 {M.~Pecul and M.~Jaszu\'{n}ski and H.~Larsen and
                  P.~J{\o}rgensen}, 
  journal = 	 jcp,
  year = 	 {2000},
  key = 	 {Singlet excited states of Be2},
  volume = 	 {112},
  pages = 	 {3671}
}

@Article{japaciee38,
  author = 	 {J.~A.~Pople},
  journal = 	 aciee,
  year = 	 {1999},
  key = 	 {Quantum Chemical Methods},
  volume = 	 {38},
  pages = 	 {1894}
}

@Article{olppjjtjcp101,
  author = 	 {O.~L.~Polyansky and P.~Jensen and J.~Tennyson},
  journal = 	 jcp,
  year = 	 {1994},
  key = 	 {A spectroscopically determined potential energy
                  surface for the ground state of H216O: A new level
                  of accuracy},
  volume = 	 {101},
  pages = 	 {7651}
}

@Article{tbphkchjcp110,
  author = 	 {T.~B.~Pedersen and H.~Koch and C.~H\"{a}ttig},
  journal = 	 jcp,
  year = 	 {1999},
  key = 	 {Gauge invariant coupled cluster response theory},
  volume = 	 {110},
  pages = 	 {8318},
}

@Article{bjpprtjmlmjpca102,
  author = 	 {B.~J.~Persson and P.~R.~Taylor and J.~M.~L.~Martin},
  journal = 	 jpca,
  year = 	 {1998},
  key = 	 {Ab Initio Calibration Study of the Heat of Formation,
                 Geometry, and Anharmonic Force Field of Fluoroacetylene},
  volume = 	 {102},
  pages = 	 {2483}
}

@Article{dapaciee38,
  author = 	 {D.~A.~Plattner},
  journal = 	 aciee,
  year = 	 {1999},
  key = 	 {Interspin Crossing and Reactivity},
  volume = 	 {38},
  pages = 	 {82}
}

@Article{ccptztca???,
  author = 	 {C.~C.~Pye and T.~Ziegler},
  journal = 	 tca,
  year = 	 {1999},
  key = 	 {An implementation of the conductor-like screening
                  model of solvation within the Amsterdam density
                  functional package},
  volume = 	 {???},
  pages = 	 {????}
}

@Article{rvprmp71,
  author = 	 {R.~V.~Pound},
  journal = 	 rmp,
  year = 	 {1999},
  key = 	 {From radar to nuclear magnetic resonance},
  volume = 	 {71},
  pages = 	 {54}
}

@Article{tpajscpl297,
  author = 	 {T.~Pluta and A.~J.~Sadlej},
  journal = 	 cpl,
  year = 	 {1998},
  key = 	 {HyPol basis sets for high-level-correlated
                  calculations of electric dipole
                  hyperpolarizabilities}, 
  volume = 	 {297},
  pages = 	 {391}
}

@Article{tbphkjcp112,
  author = 	 {T.~B.~Pedersen and H.~Koch},
  journal = 	 jcp,
  year = 	 {2000},
  key = 	 {Theoretical electronic absorption and natural
                  circular dichroism spectra of (-)-trans-cyclooctene},
  volume = 	 {112},
  pages = 	 {2139}
}

%Q-bokstav

%R-bokstav

@Article{varjcp110,
  author = 	 {V.~A.~Rassolov},
  journal = 	 jcp,
  year = 	 {1999},
  key = 	 {An ab initio linear electron correlation functional},
  volume = 	 {110},
  pages = 	 {3672}
}

@Article{spjrajcvpccp2,
  author = 	 {S.~P.~J.~Rodrigues and A.~J.~C.~Varandas},
  journal = 	 pccp,
  year = 	 {2000},
  key = 	 {On the variation of the electric quadrupole moment
                  with the internuclear distance and the atom-diatom
                  long-range electrostatic interaction energy},
  volume = 	 {2},
  pages = 	 {435}
}

@Article{ajrmasmp98,
  author = 	 {A.~J.Russell and M.~A.~Spackman},
  journal = 	 mp,
  year = 	 {2000},
  key = 	 {An ab initio study of vibrational corrections to the
                  electrical properties of the fluoromethanes},
  volume = 	 {98},
  pages = 	 {633}
}

@Article{varmarjapjcp112,
  author = 	 {V.~A.~Rassolov and M.~A.~Ratner and J.~A.~Pople},
  journal = 	 jcp,
  year = 	 {2000},
  key = 	 {Electron correlation in chemical bonds},
  volume = 	 {112},
  pages = 	 {4014}
}

@Article{jerypsjcp112,
  author = 	 {J.~E.~Riggs and Y.-P.~Sun},
  journal = 	 jcp,
  year = 	 {2000},
  key = 	 {Optical limiting properties of mono- and
                  multiple-functionalized fullerene derivatives},
  volume = 	 {112},
  pages = 	 {4221}
}

@Article{jmrplfdgtjcp112,
  author = 	 {J.~M.~Rodgers and P.~L.~Fast and D.~G.~Truhlar},
  journal = 	 jcp,
  year = 	 {2000},
  key = 	 {Multilevel geometry optimization},
  volume = 	 {112},
  pages = 	 {3141}
}

@Article{wtrpwfplrzmgmp64,
  author = 	 {W.~T.~Raynes and P.~W.~Fowler and P.~Lazzeretti and
                  R.~Zanasi and M.~Grayson},
  journal = 	 mp,
  year = 	 {1988},
  key = 	 {The effects of rotation and vibration on the
                  carbon-13 shielding, magnetizabilities and
                  geometrical parameters of some methane isotopomers},
  volume = 	 {64},
  pages = 	 {143}
}

@Article{boracr32,
  author = 	 {B.~O.~Roos},
  journal = 	 acr,
  year = 	 {1999},
  key = 	 {Theoretical Studies of Electronically Excited States
                  of Molecular Systems Using Multiconfigurational
                  Perturbation Theory},
  volume = 	 {32},
  pages = 	 {137}
}

%S-bokstav

@Article{spascpl297,
  author = 	 {S.~P.~A.~Sauer},
  journal = 	 cpl,
  year = 	 {1998},
  key = 	 {A relation between the rotational g-factor and the
                  electric dipole moment of a diatomic molecule},
  volume = 	 {297},
  pages = 	 {475}
}

@Article{pjsfjdjrcmjfbmjtta11,
  author = 	 {P.~J.~Stephens and F.~J.~Devlin and J.~R.~Cheeseman
                  and M.~J.~Frisch and B.~Mennucci and J.~Tomasi},
  journal = 	 {Tetrahedron: Asymmetry},
  year = 	 {2000},
  key = 	 {Prediction of optical rotation using density
                  functional theory: 6,8-dioxabicyclo[3.2.1]octanes},
  volume = 	 {11},
  pages = 	 {2443}
}

@Article{pgsjgjcp112,
  author = 	 {P.~G.~Szalay and J.~Gauss},
  journal = 	 jcp,
  year = 	 {2000},
  key = 	 {Spin-restricted open-shell coupled-cluster theory
                  for excited states},
  volume = 	 {112},
  pages = 	 {4027}
}

@Article{sschttfhrldgcprl82,
  author = 	 {S.~Somaroo and C.~H.~Tseng and T.~F.~Havel and
                  R.~Laflamme and D.~G.~Cory},
  journal = 	 prl,
  year = 	 {1999},
  key = 	 {Quantum Simulations on a Quantum Computer},
  volume = 	 {82},
  pages = 	 {5381}
}

@Article{gesjpca103,
  author = 	 {G.~E.~Scuseria},
  journal = 	 jpca,
  year = 	 {1999},
  key = 	 {Linear Scaling Density Functional Calculations with
                  Gaussian Orbitals},
  volume = 	 {103},
  pages = 	 {4782}
}

@Article{gsjcp110,
  author = 	 {G.~Schreckenbach},
  journal = 	 jcp,
  year = 	 {1999},
  key = 	 {The 57Fe nuclear magnetic resonance shielding in
                  ferrocene revisited. A density-functional study of
                  orbital energies, shielding mechanisms, and the
                  influence of the exchange-correlation functional},
  volume = 	 {110},
  pages = 	 {11936}
}

@Article{prsjwmcwkdafjacs113,
  author = 	 {P.~v.~R.~Schleyer and J.~W.~d.~M.~Carneiro and
                  W.~Koch and D.~A.~Forsyth},
  journal = 	 jacs,
  year = 	 {1991},
  key = 	 {Distortion toward Bridging Accompanying
                  Hyperconjugation in a Simple Tertiary Alkyl
                  Carbocation}, 
  volume = 	 {113},
  pages = 	 {3990}
}

@Article{hsfhjacs121,
  author = 	 {H.~Sato and F.~Hirata},
  journal = 	 jacs,
  year = 	 {1999},
  key = 	 {Revisiting the Acid-Base Equilibrium in Aqueous
                  Solutions of Hydrogen Halides: Study by the ab
                  Initio Electronic Structure Theory Combined with the
                  Statistical Mechanics of Molecular Liquids},
  volume = 	 {121},
  pages = 	 {3460}
}

@Article{koshpoamarkvmjpca103,
  author = 	 {K.~O.~{\mbox Sylvester-Hvid} and {\mbox P.-O}.~\AA
                  strand and M.~A.~Ratner and K.~V.~Mikkelsen},
  journal = 	 jpca,
  year = 	 {1999},
  key = 	 {Frequency-Dependent Molecular Polarizability and
                  Refractive Index: Are Substituent Contributions
                  Additive?}, 
  volume = 	 {103},
  pages = 	 {1818}
}

@Article{msrlhjwmp96,
  author = 	 {M.~Sch\"{u}tz and R.~Lindh and {\mbox
                  H.-J}.~Werner}, 
  journal = 	 mp,
  year = 	 {1999},
  key = 	 {Integral-direct electron correlation methods},
  volume = 	 {96},
  pages = 	 {719}
}

@Article{msmp96,
  author = 	 {M.~Surma},
  journal = 	 mp,
  year = 	 {1999},
  key = 	 {Correlation between quadratic magnetic field induced
                  circular birefringence and the natural optical
                  activity of chiral media},
  volume = 	 {96},
  pages = 	 {429}
}

@Article{jfsjgjcp110,
  author = 	 {J.~F.~Stanton and J.~Gauss},
  journal = 	 jcp,
  year = 	 {1999},
  key = 	 {Vibrational structure in the vinylidene anion
                  photoelectron spectrum: Closing the gap between
                  theory and experiment},
  volume = 	 {110},
  pages = 	 {6079}
}

@Article{ksrnhjnjcp110,
  author = 	 {K.~Siglow and R.~Neuhauser and H.~J.~Neusser},
  journal = 	 jcp,
  year = 	 {1999},
  key = 	 {Resolved high Rydberg spectroscopy of benzene.rare
                  gas van der Waals clusters: Enhancement of
                  spin-orbit coupling in the radical cation by an
                  external heavy atom},
  volume = 	 {110},
  pages = 	 {5589}
}

@Article{pjscsafjdjrcmjfmp89,
  author = 	 {P.~J.~Stephens and C.~S.~Ashvar and F.~J.~Devlin and
                  J.~R.~Cheeseman and M.~J.~Frisch},
  journal = 	 mp,
  year = 	 {1996},
  key = 	 {Ab initio calculation of atomic axial tensors and
                  vibrational rotational strengths using density
                  functional theory},
  volume = 	 {89},
  pages = 	 {579}
}

@Article{gsvbcpl301,
  author = 	 {G.~Scalmani and V.~Barone},
  journal = 	 cpl,
  year = 	 {1999},
  key = 	 {Use of molecular symmetry in the computation of
                  solvation energies and their analytical derivatives
                  by the polarizable continuum model},
  volume = 	 {301},
  pages = 	 {263}
}

@Article{iisrmp71,
  author = 	 {I.~I.~Shapiro},
  journal = 	 rmp,
  year = 	 {1999},
  key = 	 {A century of relativity},
  volume = 	 {71},
  pages = 	 {41}
}

@Article{ckslgnchagissawamscpl296,
  author = 	 {C.-K.~Skylaris and L.~Gagliardi and N.~C.~Handy and
                  A.~G.~Ioannou and S.~Spencer and A.~Willetts and
                  A.~M.~Simper}, 
  journal = 	 cpl,
  year = 	 {1998},
  key = 	 {An efficient method for calculating effective core
                  potential integrals which involve projection
                  operators}, 
  volume = 	 {296},
  pages = 	 {445}
}

%T-bokstav

@Article{emtjjlgmfgjcp110,
  author = 	 {E.~M.~Torres and J.~J.~L.~Gonz\'{a}lez and
                  M.~F.~G\'{o}mez},
  journal = 	 jcp,
  year = 	 {1999},
  key = 	 {Unambiguous formalism of molecular vibrations: Use
                  of redundant coordinates and canonical matrixes},
  volume = 	 {110},
  pages = 	 {3302}
}

@Article{evtvcstsmcpl302,
  author = 	 {E.~V.~Tsiper and V.~Chernyak and S.~Tretiak and
                  S.~Mukamel}, 
  journal = 	 cpl,
  year = 	 {1999},
  key = 	 {Ground-state density-matrix algorithm for
                  excited-state adiabatic surfaces: application to
                  polyenes}, 
  volume = 	 {302},
  pages = 	 {77}
}

@Article{tntirpc17,
  author = 	 {T.~N.~Truong},
  journal = 	 {Int.~Rev.~Phys.~Chem.},
  year = 	 {1998},
  key = 	 {Quantum modelling of reactions in solution: an
                  overview of the dielectric continuum methodology},
  volume = 	 {17},
  pages = 	 {525}
}

%U-bokstav

%V-bokstav

@Article{ovlvpjcawcntca81,
  author = 	 {O.~Visser and L.~Visscher and P.~J.~C.~Aerts and
                  W.~C.~Nieuwpoort}, 
  journal = 	 tca ,
  year = 	 {1992},
  key = 	 {Relativistic all-electron molecular
                  Hartree-Fock-Dirac-(Breit) calculations on CH4,
                  SiH4, GeH4, SnH4, PbH4},
  volume = 	 {81},
  pages = 	 {405}
}

@Article{tvmkapprl82,
  author = 	 {T.~Verbiest and M.~Kauranen and A.~Persoons},
  journal = 	 prl,
  year = 	 {1999},
  key = 	 {Light-Polarization-Induced Optical Activity},
  volume = 	 {82},
  pages = 	 {3601}
}

@Article{igvmglukhkavyavtcgprb59,
  author = 	 {I.~G.~{\mbox Voight-Martin} and G.~Li and U.~Kolb
                  and H.~Kothe and A.~V.~Yakimanski and
                  A.~V.~Tenkovtsev and C.~Gilmore},
  journal = 	 prb,
  year = 	 {1999},
  key = 	 {Structure determination to calculate nonlinear
                  optical coefficients in a class of organic molecules},
  volume = 	 {59},
  pages = 	 {6722}
}

@Article{svrammarvvajms184,
  author = 	 {S.~V\'{a}zquez and R.~A.~Mosquera and M.~A.~Rios and
                  C.~V.~Alsenoy},
  journal = 	 {J.~Mol.~Struct.~(THEOCHEM)},
  year = 	 {1989},
  key = 	 {Ab initio gradient optimizaed molecular geometry and
                  conformational analysis of 1,2-propanediol at the
                  4-21G level},
  volume = 	 {184},
  pages = 	 {323}
}

@Article{lvtetsjojcp109,
  author = 	 {L.~Visscher and T.~Enevoldsen and T.~Saue and
                  J.~Oddershede}, 
  journal = 	 jcp,
  year = 	 {1998},
  key = 	 {Molecular relativistic calculations of the electric
                  field gradients at the nuclei in the hydrogen
                  halides}, 
  volume = 	 {109},
  pages = 	 {9677}
}

%W-bokstav

@Article{xtwabmefhjcp110,
  author = 	 {X.~T.~Wu and A.~B.~McCoy and E.~F.~Hayes},
  journal = 	 jcp,
  year = 	 {1999},
  key = 	 {Rotation-vibration interactions in (HF)2. I. Using
                  parallel supercomputers to calculate
                  rotation-vibration energy levels.},
  volume = 	 {110},
  pages = 	 {2354}
}

@Article{hwramhjcp99,
  author = 	 {H.~Weiss and R.~Ahlrichs and M.~H\"{a}ser},
  journal = 	 jcp,
  year = 	 {1993},
  key = 	 {A direct algorithm for self-consistent-field linear
                  response theory and application to C60: Excitation
                  energies, oscillator strengths, and
                  frequency-dependent polarizabilities},
  volume = 	 {99},
  pages = 	 {1262}
}

@Article{rdwwtrskjospasjcp112,
  author = 	 {R.~D.~Wigglesworth and W.~T.~Raynes and S.~Kirpekar
                  and J.~Oddershede and S.~P.~A.~Sauer},
  journal = 	 jcp,
  year = 	 {2000},
  key = 	 {Nuclear magnetic shielding in the acetylene
                  isotopomers calculated from correlated shielding
                  surfaces}, 
  volume = 	 {112},
  pages = 	 {736}
}

@Article{swwhhyqgzsxzdqzgcpl320,
  author = 	 {S.~Wang and W.~Huang and H.~Yang and Q.~Gong and
                  Z.~Shi and X.~Zhou and D.~Qiang and Z.~Gu},
  journal = 	 cpl,
  year = 	 {2000},
  key = 	 {Large and ultrafast third-order optical
                  non-linearity of single-wall carbon nanotubes at 820
                  nm},
  volume = 	 {320},
  pages = 	 {411}
}

@Article{cvwpccp2,
  author = 	 {C.~v.~W\"{u}llen},
  journal = 	 pccp,
  year = 	 {2000},
  key = 	 {A comparison of density functional methods for the
                  calculation of phosphorous-31 NMR chemical shifts},
  volume = 	 {2},
  pages = 	 {2137}
}

@Article{pjwrdanjhpccp2,
  author = 	 {P.~J.~Wilson and R.~D.~Amos and N.~C.~Handy},
  journal = 	 pccp,
  year = 	 {2000},
  key = 	 {Density functional predictions for metal and ligand
                  nuclear shielding constants in diamagnetic
                  closed-shell first-row transition-metal complexes},
  volume = 	 {2},
  pages = 	 {187}
}

@Article{rdwwtrskjospasjcp112-2,
  author = 	 {R.~D.~Wigglesworth and W.~T.~Raynes and S.~Kirpekar
                  and J.~Oddershede and S.~P.~A.~Sauer},
  journal = 	 jcp,
  year = 	 {2000},
  key = 	 {Nuclear spin-spin coupling in the acetylene
                  isotopomers calculated from ab initio correlated
                  surfaces for 1J(C,H), 1J(C,C), 2J(C,H), and 3J(H,H)},
  volume = 	 {112},
  pages = 	 {3735}
}

@Article{xgwelsjcp111,
  author = 	 {X-G.~Wang and E.~L.~{\mbox Silbert III}},
  journal = 	 jcp,
  year = 	 {1999},
  key = 	 {A nine-dimensional perturbative treatment of the
                  vibrations of methane and its isotopomers},
  volume = 	 {111},
  pages = 	 {4510}
}

@Article{rdwwtrspasjomp96,
  author = 	 {R.~D.~Wigglesworth and W.~T.~Raynes and
                  S.~P.~A.~Sauer and J.~Oddershede},
  journal = 	 mp,
  year = 	 {1999},
  key = 	 {Calculated nuclear shielding surfaces in the water
                  molecule; prediction and analysis of sigma(O),
                  sigma(H), and sigma(D) in water isotopomers},
  volume = 	 {96},
  pages = 	 {1595}
}

@Article{skwtzevlejbjcp110,
  author = 	 {S.~K.~Wolff and T.~Ziegler and E.~{\mbox van Lenthe}
                  and E.~J.~Baerends},
  journal = 	 jcp,
  year = 	 {1999},
  key = 	 {Density finctional calculations of nuclear magnetic
                  shieldings using the zeroth-order regular
                  approximation (ZORA) for relativistic effects: ZORA
                  nuclear magnetic resonance},
  volume = 	 {110},
  pages = 	 {7689}
}

@Article{akwdewkapthdjcp110,
  author = 	 {A.~K.~Wilson and D.~E.~Woon and K.~A.~Peterson and
                  T.~H.~{\mbox Dunning Jr.}},
  journal = 	 jcp,
  year = 	 {1999},
  key = 	 {Gaussian basis sets for use in correlated molecular
                  calculations. IX. The atoms gallium through krypton},
  volume = 	 {110},
  pages = 	 {7667}
}

@Article{cvwjcc20,
  author = 	 {C.~v.~W\"{u}llen},
  journal = 	 jcc,
  year = 	 {1999},
  key = 	 {Relativistic All-Electron Density Functional
                  Calculations}, 
  volume = 	 {20},
  pages = 	 {51}
}

@Article{vewdepdjwrmp71,
  author = 	 {C.~E.~Wieman and D.~E.~Pritchard and
                  D.~J.~Wineland}, 
  journal = 	 rmp,
  year = 	 {1999},
  key = 	 {Atom cooling, trapping, and quantum manipulation},
  volume = 	 {71},
  pages = 	 {253}
}

%X-bokstav

%Y-bokstav

@Article{sygcprb59,
  author = 	 {S.~Yokojima and G.~Chen},
  journal = 	 prb,
  year = 	 {1999},
  key = 	 {Linear scaling calculation of excited-state
                  properties of polyacetylene},
  volume = 	 {59},
  pages = 	 {7259}
}

@Article{myjljjjcp110,
  author = 	 {M.~Ylihautala and J.~Lounila and J.~Jokisaari},
  journal = 	 jcp,
  year = 	 {1999},
  key = 	 {Nuclear magnetic shielding of noble gases in liquid
                  crystals}, 
  volume = 	 {110},
  pages = 	 {6381}
}

%Z-bokstav

@Article{cgzdmcjcp110,
  author = 	 {C.-G.~Zhan and D.~M.~Chipman},
  journal = 	 jcp,
  year = 	 {1999},
  key = 	 {Reaction field effects on nitrogen shielding},
  volume = 	 {110},
  pages = 	 {1611}
}

@Article{ezjcgljlbprb59,
  author = 	 {E.~Zojer and J.~Cornil and G.~Leising and {\mbox
                  J.-L}.~Br\'{e}das}, 
  journal = 	 prb,
  year = 	 {1999},
  key = 	 {Theoretical investigation of the geometric and
                  optical properties of neutral and charged
                  oligothiophenes}, 
  volume = 	 {59},
  pages = 	 {7957}
}

@Article{rzplalaspre59,
  author = 	 {R.~Zanasi and P.~Lazzeretti and A.~Ligabue and
                  A.~Soncini}, 
  journal = 	 pre,
  year = 	 {1999},
  key = 	 {Theoretical results which strengthen the hypothesis
                  of electroweak bioenantioselection},
  volume = 	 {59},
  pages = 	 {3382}
}

@Article{tzfwhyqgxahcdqcpl301,
  author = 	 {T.~Zhang and F.~Wang and H.~Yang and Q.~Gong and
                  X.An and H.~Chen and D.~Qiang},
  journal = 	 cpl,
  year = 	 {1999},
  key = 	 {Measurement on the third-order optical nonlinearity
                  of C70 and its poly-aminonitrile derivatives by
                  using femtosecond optical Kerr effect},
  volume = 	 {301},
  pages = 	 {343}
}

