@String{pra = {Phys. Rev. A}}
@String{prb = {Phys. Rev. B}}
@String{cpl = {Chem. Phys. Lett.}}
@String{jcp = {J. Chem. Phys.}}
@String{molp = {Mol. Phys.}}

@Article{dft:becke88,
  author =       {A.D. Becke},
  title =        {a},
  journal =      pra,
  year =         1988,
  volume =       38,
  pages =        3098,
}

@Article{dft:lb94,
  author =       {R. van Leeuwen and E.J. Baerends},
  title =        {Exchange-correlation potential with correct asymptotic
 behavior},
  journal =      {pra},
  year =         {1994},
  OPTkey =       {},
  OPTvolume =    {49},
  OPTnumber =    {4},
  OPTpages =     {2421},
  OPTmonth =     {},
  OPTnote =      {},
  OPTannote =    {}
}

@Article{dft:lyp1,
  author =       {C. Lee and W. Yang and R.G. Parr},
  title =        {a},
  journal =      {prb},
  year =         1988,
  volume =       57,
  pages =        785
}

@Article{dft:lyp2,
  author =       {B. Miehlich and A. Savin and H. Stoll and H. Preuss},
  title =        {a},
  journal =      {cpl},
  year =         1989,
  volume =       157,
  pages =        200
}

@Article{dft:optx,
  author =       {N.C. Handy and A.J Cohen},
  title =        {a},
  journal =      {Mol. Phys.},
  year =         2001,
  volume =       99,
  pages =        403
}

@Article{dft:p86,
  author =       {J.P. Perdew},
  title =        {a},
  journal =      {prb},
  year =         1986,
  volume =       33,
  pages =        8822
}

@Article{dft:pw86x,
  author =       {J.P. Perdew and Y. Wang},
  title =        {a},
  journal =      {prb},
  year =         1986,
  volume =       33,
  pages =        8800
}


@Article{dft:pz81,
  author =       {J.P. Perdew and A. Zunger},
  title =        {a},
  journal =      {prb},
  year =         1981,
  volume =       23,
  pages =        5048
}

@Article{dft:hohenberg,
  author =       {P. Hohenberg and W. Kohn},
  title =        {a},
  journal =      {pr},
  year =         1964,
  volume =       136,
  pages =        {B864}
}

@Article{dft:kohn,
  author =       {W. Kohn and L.J. Sham},
  title =        {a},
  journal =      {pr},
  year =         1965,
  volume =       140,
  pages =        {A1133}
}


@InBook{dft:slater,
  author =       {J.C. Slater},
  title =        {Quantum Theory of Molecular and Solids},
  chapter =      {The Self-Consistend Field for Molecular and Solids},
  publisher =    {McGraw-Hill},
  year =         1974,
  volume =       4,
  address =      {New York}
}

@Article{dft:vwn,
  author =       {S.H. Vosko and L. Wilk and M. Nusair},
  title =        {a},
  journal =      {Can. J. Phys},
  year =         1980,
  volume =       58,
  pages =        1200
}

@Article{dft:b3lyp,
  author =       {A.D. Becke},
  title =        {a},
  journal =      {jcp},
  year =         1993,
  volume =       98,
  pages =        5648
}

@Article{dft:pbe,
  author =       {J.P. Perdew and K. Burke and M. Ernzerhof},
  title =        {a},
  journal =      {prl},
  year =         1996,
  volume =       77,
  number =       3865
}

@Article{dft:pbe0,
  author =       {C. Adamo and V. Barone},
  title =        {a},
  journal =      {jcp},
  year =         1999,
  volume =       110,
  pages =        6158
}


@Article{dft:pw91,
  author = {J.P. Perdew and J. A. Chevary and S.H. Vosko and
  K.A. Jackson and M.R. Pederson and C. Fiolhais},
  title =        {a},
  journal =      {prb},
  year =         1992,
  volume =       46,
  pages =        6671
}

@Article{dft:kt12,
  author =       {T.W. Keal and D.J. Tozer},
  title =        {The exchange-correlation potential in Kohn-Sham nuclear magnetic resonance shielding calculations},
  journal =      {jcp},
  year =         2003,
  volume =       119,
  pages =        3015
}

@Article{dft:kt12a,
  author =       {T.W. Keal D.J. Tozer and T. Helgaker},
  title =        {GIAO shielding constants and indirect spin-spin coupling constants: performance of density functional methods},
  journal =      {cpl},
  year =         2004,
  volume =       391,
  pages =        374
}

@Article{dft:kt3,
  author =       {Keal and Tozer},
  title =        {A semi-empirical generalised gradient approximation exchange-correlation  functional},
  journal =      {jcp},
  year =         2004,
  volume =       121,
  pages =        5654
}

@Article{dft:camb3lyp,
  author =       {T. Yanai and D.P. Tw and N.C. Handy},
  title =        {A new hybrid exchange-correlation functional using
  the \mbox{Coulomb}-attenuating method (CAM-B3LYP)},
  journal =      {cpl},
  year =         2004,
  volume =       393,
  pages =        51
}

@article{dft:g96,
        author = {P.~M.~W.~Gill},
        journal = molp ,
        volume = 89 ,
        year = 1996 ,
        pages = 433 }

@article{dft:edf1,
	author = {R.~D.~Adamson and P.~M.~W.~Gill and J.~A.~Pople} ,
	journal = cpl ,
    	volume = 284 ,
	pages = 6 ,
	year = 1998 }

@article{dft:edf2,
	author = {C.~Y.~Lin and M.~W.~George and P.~M.~W.~Gill},
	journal = "Aust. J. Chem",
	pages = 365 ,
	volume = 57 ,
	year = 2004 }

@article{dft:b86,
	author = {A. D. Becke},
	journal = jcp,
	volume = 84, 
	pages = 4524 
	year = 1986 }

@article{dft:b86r,
	author = {A. D. Becke}, 
	journal = jcp ,
	volume = 107, 
	pages = 8554 
	year = 1997 }

@article{dft:b86mgc,
	author = {A. D. Becke}, 
	journal = jcp, 
	volume = 85, 
	pages = 7184 
	year = 1986 }

@article{dft:pw86,
	author = {J. P. Perdew and Y. Wang}, 
	journal = "Phys. Rev. B",
	volume = 33, 
	pages = 8800 ,
	year = 1986 }

@article{dft:bw,
	author = {P. A. Stewart and P. M. W. Gill},
	journal = "J. Chem. Faraday Trans.",
	volume =  273,
	pages = 183, 
	year = 1995 }

@article{dft:wigner,
	author = {E. P. Wigner}, 
	journal = "Trans. Faraday Soc.",
	volume = 34,
	year =  1938,
	pages =  678 }

@article(dft:b97,
	author = {A. D. Becke}, 
	journal = jcp ,
	volume = 107, 
	pages = 8554 ,
	year = 1997 }

@article{dft:b97-1,
	author = {F. A. Hamprecht and A. J. Cohen and D. J. Tozer and N. C. Handy}, 
	journal = jcp,
	volume = 109, 
	pages = 6264 ,
	year = 1998 }

@article{dft:b97-2,
	author = {P. J. Wilson and T. J. Bradley and D. J. Tozer}, 
	journal = jcp, 
	volume = 115, 
	pages = 9233 ,
	year = 2001 }

@article{dft:hcth93,
	author = {F. A. Hamprecht and A. J. Cohen and D. J. Tozer and N. C. Handy}
	journal = jcp, 
	volume = 109, 
	pages = 6264 ,
	year = 1998 }

@article{dft:hcth120,
	author = {A. D. Boese and N. L. Doltsinis and N. C. Handy and M. Sprik}, 
	journal = jcp, 
	volume = 112, 
	pages = 1670,
	volume = 2000 }

@article{dft:hcth407,
	author = {A. D. Boese and N. C. Handy}, 
	journal = jcp, 
	volume = 114, 
	pages = 5497,
	volume = 2001 }

@article{dft:mpw,
	author = {C. Adamo and V. Barone}, 
	journal = jcp,
	volume = 108, 
	pages = 664 ,
	year = 1998 }

@article{dft:hcth407p,
	author = {A.~D.~Boese and A.~Chandra and J.~M.~L.~Martin and D.~Marx},
	journal = jcp,
	volume = 119,
	pages = 5965,
	year = 2003 }


